1990 3271
342 236 387 268 ΞΟ

341 357 407 407 qui
447 369 469 393 a¹
507 353 645 392 matris
684 353 818 394 fratre.
859 347 1016 387 Aurelio
1056 347 1186 390 Cotta,
1226 345 1444 395 adoptatus
1481 356 1628 382 nomen
1666 341 1822 394 accepit

338 422 389 459 M.
423 418 567 457 Aurelii
599 417 723 456 Cottae
764 413 942 453 Maximi.
983 412 1082 450 Erat
1122 413 1256 449 orator
1299 409 1365 459 (cf.
1397 407 1474 446 ΙΙΙ.
1506 410 1541 453 5,
1571 409 1608 447 7.
1639 407 1744 458 sqq.)
1781 409 1823 445 et

341 489 458 535 poeta
484 484 550 532 (cf.
575 481 643 520 IV.
667 481 729 525 16,
752 481 812 518 47.
836 479 939 528 sqq.)
978 477 1117 514 bonus.
1154 474 1216 513 Ad
1246 473 1416 512 eundem
1450 472 1554 510 infra
1590 471 1622 510 Ι.
1645 473 1681 510 9.
1706 471 1761 510 ΙΙ.
1783 472 1820 510 3.

338 555 376 587 et
400 551 435 587 S.
462 547 540 586 III.
566 548 601 585 2.
627 551 665 584 et
691 548 725 582 5.
750 543 886 582 Etiam
911 541 1027 579 Trist.
1054 540 1120 579 IV.
1147 543 1181 577 5.
1206 538 1253 577 V.
1278 539 1313 576 6.
1339 540 1378 575 et
1413 538 1473 575 13.
1499 536 1550 574 ad
1574 548 1666 575 eum
1690 536 1821 575 missae

339 613 539 651 videntur.

391 677 437 714 V.
460 679 494 715 7.
516 673 677 713 (lucendi
696 671 892 715 carminis,
913 672 961 708 cf.
983 669 1033 707 ad
1053 668 1170 706 Trist.
1193 667 1223 705 Ι.
1246 669 1279 712 1,
1299 667 1360 704 39.

396 741 441 778 V.
471 742 528 779 12.
557 743 679 781 Getas,
706 738 756 775 cf.
785 736 835 773 ad
862 734 978 773 Trist.
1007 733 1082 772 ΙΙΙ.
1109 734 1145 777 3,
1172 733 1207 770 6.

391 806 437 843 V.
464 806 623 843 13—14.
648 802 838 840 deducere.
863 801 912 838 cf.
938 799 988 836 ad
1013 797 1129 835 Trist.
1156 796 1187 834 Ι.
1213 798 1247 841 1,
1271 797 1333 834 39.
1362 818 1404 822 -
1429 794 1590 840 mollior,
1616 794 1641 832 i.
1666 808 1698 833 e.
1724 794 1825 833 duro

340 871 425 908 sato
455 872 624 906 vexatus
655 879 734 904 non
764 877 929 915 possum
958 874 1095 900 versus
1126 860 1264 899 molles
1295 863 1417 910 atque
1447 859 1646 909 elegantes
1676 860 1822 898 facere.

390 934 436 971 V.
463 934 522 971 16.
548 931 633 975 lini,
659 929 778 968 deleri
801 928 842 966 in
865 926 1013 966 tabulis
1035 925 1178 965 ceratis
1202 925 1294 963 stilo
1316 937 1443 963 verso.

389 998 436 1035 V.
468 998 527 1035 19.
559 995 665 1039 lima,
696 994 873 1032 laborem
902 991 1076 1042 poliendi
1106 994 1228 1040 atque
1257 988 1495 1028 emendandi
1525 987 1740 1038 significat3
1769 989 1822 1028 cf.

340 1061 456 1101 Trist.
482 1061 513 1099 Ι.
538 1062 574 1105 7,
597 1061 662 1098 30:
684 1057 840 1097 «Defuit
864 1060 902 1095 et
925 1055 1082 1106 scriptis
1104 1055 1247 1093 ultima
1270 1054 1364 1092 lima
1386 1053 1499 1092 meis»
1521 1056 1560 1092 et
1582 1054 1681 1092 Hor.
1706 1053 1752 1092 A.
1776 1052 1823 1091 P.

339 1128 428 1166 291:
463 1125 582 1163 «limae
617 1124 727 1162 labor
762 1127 801 1160 et
834 1133 973 1160 mora».

393 1191 440 1228 V.
473 1192 517 1228 21
529 1191 636 1227 -22,
672 1189 831 1239 Torquet
862 1186 966 1225 enim
996 1185 1151 1234 fortuna
1182 1196 1323 1236 parum
1354 1186 1443 1228 etc..
1475 1182 1622 1221 ironice
1654 1182 1824 1221 dictum:

341 1268 420 1293 non
455 1254 566 1299 satis,
601 1253 730 1297 credo,
765 1253 927 1289 fortuna
962 1264 1024 1289 me
1058 1248 1222 1294 cruciat,
1257 1247 1331 1287 nisi
1365 1260 1428 1287 me
1461 1247 1544 1298 ipse
1577 1259 1827 1298 supervacuo

342 1319 475 1358 labore
509 1318 652 1357 crucio.
691 1339 733 1344 —
769 1316 906 1354 Lissus
939 1315 983 1353 Ίῖη
1016 1314 1189 1353 Hebrum
1220 1313 1415 1363 Confluat,
1451 1311 1656 1363 allegorice
1689 1324 1822 1363 super-

340 1397 514 1422 vacuum
541 1383 716 1421 laborem
743 1380 953 1431 significat,
981 1384 1027 1418 ut
1056 1379 1130 1419 Ov.
1159 1378 1277 1417 Trist.
1306 1378 1352 1417 V.
1382 1381 1417 1423 5,
1445 1379 1611 1415 43-44:
1637 1376 1728 1415 «His
1755 1375 1824 1427 qui
1883 1401 1887 1404 ⁴

341 1452 554 1487 contentus
592 1460 671 1485 non
699 1450 771 1491 est,
799 1445 839 1483 in
868 1445 962 1483 litus
996 1445 1177 1489 harenas,
1207 1443 1254 1482 In
1280 1446 1454 1493 segetem
1480 1441 1621 1493 spicas,
1648 1441 1689 1479 in
1715 1453 1826 1480 mare

343 1513 485 1551 fundat
523 1524 675 1562 aquas».
713 1511 871 1550 Hebrus
908 1509 1025 1555 enim,
1063 1508 1263 1547 maximus
1300 1507 1475 1546 Thraciae
1511 1506 1672 1552 fluvius,
1710 1505 1825 1556 aquis

343 1578 523 1616 abundat
560 1589 688 1626 neque
726 1574 838 1625 aquis
877 1574 975 1613 Lissi
1015 1577 1115 1623 eget.
1160 1597 1202 1601 —
1242 1573 1391 1618 Lissus,
1432 1571 1579 1610 fluvius
1632 1570 1825 1617 Thraciae;

343 1641 572 1681 emendavit
612 1640 758 1679 Merkel
778 1654 786 1686 ;
826 1639 1006 1678 codices:
1046 1639 1181 1677 Lioeus.
1227 1661 1268 1665 —
1311 1637 1462 1687 frondes
1504 1636 1671 1688 Alpibus
1710 1635 1826 1675 addat

344 1707 456 1751 Atho,
480 1719 772 1757 supervacuum
794 1705 969 1743 laborem
990 1703 1199 1754 significat,
1221 1706 1267 1741 ut
1288 1702 1392 1740 infra
1415 1702 1482 1740 IV.
1504 1703 1540 1747 2,
1564 1702 1627 1740 13:
1647 1700 1827 1739 «Mittere

341 1772 391 1809 ad
425 1772 529 1809 hunc
564 1784 722 1809 carmen
757 1769 915 1807 frondes
950 1772 1034 1807 erat
1069 1769 1214 1806 addere
1248 1767 1386 1806 silvis».
1429 1767 1546 1817 Alpes
1586 1765 1691 1804 enim
1731 1767 1826 1804 sunt

344 1841 498 1875 montes
533 1834 707 1873 frondosi
741 1848 870 1884 neque
892 1833 1000 1872 silvis
1025 1833 1194 1872 Athonis
1217 1836 1348 1883 egent.
1376 1855 1418 1859 ——
1447 1831 1559 1877 Atho,
1583 1830 1667 1869 sive
1691 1830 1826 1876 Athos,

341 1914 453 1939 mons
476 1900 515 1938 in
545 1899 766 1939 Chalcidice
799 1898 1055 1938 Macedonica
1089 1898 1198 1936 silvis
1233 1897 1456 1936 abunda-ns.

392 1966 438 2003 V.
460 1967 521 2003 24.
543 1968 709 2016 perusta,
730 1964 822 2014 iugo
843 1963 953 2009 trita,
976 1967 1021 2002 ut
1042 1964 1140 2002 Hor.
1161 1963 1290 2014 Epod.
1313 1965 1349 2007 4,
1371 1964 1409 2000 3:
1429 1960 1644 2000 «Hibericis
1664 1962 1828 2012 peruste

340 2030 505 2068 funibus
534 2030 664 2067 latus».

392 2095 438 2133 V.
462 2096 522 2133 26.
546 2095 595 2132 Et
617 2098 700 2132 sata
722 2107 809 2132 cnm
829 2093 946 2132 multo
967 2093 1095 2142 fenore
1115 2092 1237 2131 reddit
1258 2105 1356 2143 ager,
1380 2092 1430 2130 cf.
1455 2090 1597 2129 Tibull.
1622 2090 1676 2128 ΙΙ.
1700 2090 1736 2135 6,
1759 2090 1826 2128 22;

337 2158 524 2204 «Semina,
556 2172 642 2208 quae
673 2172 818 2208 magno
848 2159 982 2197 fenore
1011 2158 1154 2196 reddat
1185 2169 1294 2207 agen>
1325 2160 1363 2194 et
1395 2156 1469 2195 Ov.
1507 2155 1623 2193 Rem.
1645 2156 1734 2194 173:
1753 2166 1827 2192 «se-

341 2224 521 2262 mina...
549 2224 643 2271 Qufe
673 2223 744 2261 tibi
774 2237 865 2262 cum
893 2236 1038 2273 magno
1066 2224 1200 2261 fenore
1227 2222 1369 2260 reddat
1398 2231 1516 2270 ager».

392 2289 437 2326 V.
461 2290 623 2327 27-28.
647 2288 792 2333 omnia,
815 2301 868 2327 sc.
892 2292 1086 2338 tempora.
1114 2310 1156 2314 —
1180 2287 1333 2325 utinam
1353 2299 1433 2325 non
1452 2283 1656 2330 nocuisset,
1680 2282 1824 2322 alludit

341 2353 390 2391 ad
415 2354 551 2391 Artem
577 2352 837 2398 Amatoriaiu,
863 2365 942 2402 qua
963 2352 1064 2390 iram
1087 2351 1257 2402 Augusti
1280 2351 1320 2389 in
1343 2364 1384 2389 se
1405 2349 1540 2389 vertit.

393 2418 438 2455 V.
467 2419 629 2455 31—-3·2.
658 2431 750 2462 vere,
779 2417 896 2467 iunge
921 2430 1012 2456 cum
1037 2421 1157 2468 negat.
1189 2440 1231 2443 —
1258 2415 1368 2466 sides,
1397 2415 1695 2454 documentum.

394 2482 439 2519 V.
464 2483 524 2519 36.
549 2495 697 2533 ponere,
721 2495 964 2520 consumere.

392 2546 438 2584 V.
467 2548 527 2585 37.
556 2546 679 2584 eiurat
705 2559 887 2598 quaquam,
915 2545 1103 2585 valedicit
1131 2558 1273 2596 pugnae
1301 2557 1508 2594 nunquan]
1535 2556 1576 2582 se
1601 2542 1827 2581 rediturum

340 2610 489 2648 iurans.

393 2675 438 2713 V.
472 2677 532 2713 42.
564 2675 665 2715 deas.
698 2676 844 2714 Musas.
