2188 3524
522 760 936 815 PRAEFATIO
976 759 1302 815 CRITICA.

223 931 275 972 In
300 931 381 971 hoc
406 929 613 983 opusculo
638 928 753 971 idem
777 928 883 971 mihi
908 927 990 970 fuit
1017 927 1302 983 propositum,
1331 928 1445 983 quod
1470 926 1514 969 in
1540 941 1653 970 com-

167 999 380 1043 mentario
415 1001 471 1042 ad
510 998 652 1043 Ovidii
692 999 845 1041 Tristia
880 1013 1017 1054 nuper
1053 998 1215 1047 edito,*
1250 1013 1308 1041 sc.
1345 1003 1394 1040 ut
1430 997 1654 1052 Epistulas

167 1085 224 1113 ex
247 1071 386 1113 Ponto
414 1069 534 1112 brevi
559 1069 931 1125 interpretatione,
962 1084 1056 1125 quae
1082 1068 1252 1118 dicitur,
1280 1068 1444 1111 verbali
1469 1068 1652 1111 instrue-

165 1155 255 1184 rem
286 1145 423 1197 utque
452 1140 498 1183 in
528 1140 883 1184 adnotationibus
915 1139 1142 1195 exegeticis
1173 1154 1262 1182 non
1291 1140 1430 1182 solum
1460 1139 1654 1182 virorum

168 1214 410 1262 doctorum,
465 1213 540 1254 sed
596 1211 728 1254 etiam
783 1211 943 1254 civium
1000 1211 1357 1253 Academicorum
1411 1210 1654 1253 rationibus

165 1283 444 1326 consulerem.
498 1283 582 1324 Res
622 1282 667 1325 in
703 1282 846 1325 libello
897 1282 968 1324 illo
1007 1281 1146 1336 priore
1183 1281 1271 1324 iam
1310 1280 1545 1336 explicatas
1584 1280 1654 1323 hic

166 1369 254 1397 non
279 1357 435 1402 tracto,
462 1355 536 1395 sed
562 1353 740 1395 lectores
767 1353 930 1408 ubique
955 1354 1010 1396 ad
1038 1351 1398 1395 commentarium
1424 1351 1470 1393 in
1499 1351 1654 1394 Tristia

167 1424 377 1479 scriptum
409 1424 569 1477 delego.

223 1495 275 1537 In
319 1493 460 1536 verbis
506 1498 646 1549 poetae
683 1493 995 1536 constituendis
1040 1493 1294 1536 Merkelium
1338 1497 1509 1535 secutus
1556 1507 1653 1534 sum

166 1567 321 1608 ducem
342 1565 543 1620 locosque
565 1579 726 1614 omnes,
749 1564 823 1606 ubi
846 1565 900 1606 ab
922 1564 1079 1606 iterata
1102 1564 1190 1606 eius
1212 1563 1457 1606 recensione
1481 1562 1654 1618 (Lipsiae

167 1637 283 1690 apud
327 1636 597 1678 Teubnerum
638 1634 797 1690 publici
837 1635 939 1676 iuris
981 1636 1115 1689 facta)
1157 1636 1442 1677 secedendum
1483 1633 1652 1688 putavi,

167 1706 235 1750 hic
266 1707 460 1748 afferam.

222 1777 281 1820 1η
305 1777 406 1820 libro
430 1777 592 1834 primo:
618 1777 652 1818 Ι.
679 1791 764 1818 vss.
793 1778 968 1818 41—44.
994 1791 1141 1825 uncos,
1172 1775 1325 1831 quibus
1350 1775 1512 1818 Merkel
1537 1776 1653 1817 hunc

166 1847 324 1896 locum,
341 1851 390 1889 ut
409 1847 617 1902 spurium,
636 1851 787 1889 notare
804 1847 1016 1896 voluerat,
1034 1846 1212 1889 removi.
1234 1847 1268 1887 I.
1287 1861 1351 1887 vs.
1371 1848 1437 1888 41.
1456 1847 1652 1888 dearum:

169 1933 226 1961 ex
251 1917 496 1960 coniectura
524 1917 733 1972 Madvigii
765 1943 811 1948 —
844 1917 1007 1960 Dianae.
1039 1918 1073 1959 Ι.
1103 1932 1188 1959 vss.
1220 1919 1395 1960 65-68.
1426 1920 1466 1957 et
1499 1917 1558 1958 Π.
1588 1930 1653 1958 vs.

169 1990 348 2032 37—38.
388 1992 430 2030 et
472 1989 530 2030 Π.
571 2002 656 2030 vss.
698 1989 928 2030 101—102.
969 2002 1100 2030 uncos
1140 1987 1332 2030 Merkelii
1370 1986 1549 2029 removi.
1591 1987 1652 2028 II.

169 2073 235 2101 vs.
266 2061 358 2101 101.
387 2058 525 2101 salvo:
555 2074 610 2101 ex
636 2058 880 2101 coniectura
911 2058 1063 2100 Kornii
1096 2085 1142 2088 —
1173 2059 1252 2100 sub
1283 2073 1346 2099 eo.
1377 2058 1461 2100 ΠΙ.
1490 2072 1554 2099 vs.
1586 2058 1652 2099 51.

169 2143 295 2171 uvas:
334 2130 498 2172 codices
538 2129 730 2171 meliores
773 2155 818 2159 —
858 2130 1026 2171 herbas.
1067 2130 1141 2171 IV.
1179 2144 1264 2171 vss.
1304 2130 1481 2170 31—32.
1520 2141 1654 2170 uncos

168 2199 361 2242 Merkelii
398 2199 576 2243 removi.
617 2201 691 2243 IV.
730 2214 794 2241 vs.
834 2201 900 2242 31.
940 2200 1131 2242 sinistro:
1171 2214 1226 2241 ex
1262 2198 1507 2241 coniectura
1547 2199 1654 2240 Bur-

169 2270 318 2313 manni
352 2297 398 2301 —
430 2271 483 2312 sit
516 2271 681 2313 Histro.
714 2272 788 2313 IV.
819 2286 884 2313 vs.
915 2273 981 2314 36.
1012 2285 1149 2312 sacra:
1181 2270 1346 2313 codices
1378 2269 1570 2311 meliores
1605 2295 1653 2300 —

169 2342 316 2384 densa.
339 2343 390 2385 V.
414 2357 477 2383 vs.
501 2344 566 2383 22.
590 2341 789 2396 Alpibus:
812 2341 976 2384 codices
1004 2368 1049 2371 —
1073 2341 1270 2383 saltibus.
1292 2342 1344 2383 V.
1366 2354 1452 2382 vss.
1477 2341 1653 2382 81—82.

171 2415 213 2454 et
234 2413 335 2455 VII.
362 2426 448 2454 vss.
477 2414 653 2454 19—22.
680 2427 812 2455 uncos
838 2411 1031 2455 Merkelii
1057 2411 1237 2453 removi.
1264 2412 1366 2454 VII.
1393 2425 1456 2452 vs.
1486 2413 1552 2454 57.
1573 2411 1655 2454 Sed

169 2486 336 2525 tamen:
357 2483 526 2537 scripsit
548 2483 675 2525 Riese
683 2499 693 2534 ;
713 2498 791 2526 nec
811 2488 977 2525 tamen:
999 2482 1164 2525 codices
1184 2509 1230 2513 —
1249 2482 1304 2524 Ni
1319 2482 1536 2524 claudum.
1552 2481 1654 2523 VH.

171 2566 259 2594 vss.
288 2555 464 2596 63—64.
490 2568 622 2596 uncos
649 2553 842 2596 Merkelii
868 2552 1047 2595 removi.
1067 2554 1168 2595 VII.
1190 2567 1254 2595 VS.
1277 2555 1342 2596 66.
1367 2551 1507 2596 Officii
1529 2565 1656 2595 causa

172 2622 365 2677 pluribus
387 2638 475 2666 esse
495 2625 613 2667 dari:
628 2624 794 2667 codices
814 2651 859 2654 —
879 2623 1019 2667 Officii
1041 2638 1211 2666 causam
1223 2623 1417 2678 pluribus
1439 2637 1528 2665 esse
1547 2622 1654 2679 pati.

260 2787 279 2808 *
303 2787 574 2821 Commentarius
611 2790 793 2831 exegeticus
830 2790 876 2822 ad
914 2790 1032 2822 Ovidii
1065 2790 1205 2822 Tristia.
1243 2789 1390 2831 Scripsit
1416 2788 1454 2821 G.
1482 2788 1656 2829 Ne'methy.

177 2845 424 2888 Budapestini,
451 2848 652 2890 sumptibus
677 2848 876 2881 Academiae
901 2849 1120 2881 Litterarum
1146 2848 1369 2890 Hungaricae,
1396 2846 1608 2880 MGMXIH.
