1990 3271
873 405 959 445 Lib.
986 405 1062 446 JV.
1089 406 1198 458 epist.
1224 406 1286 446 13.

937 504 1010 548 Ad
1043 505 1226 548 Carum.

388 620 508 659 Carus
531 619 603 657 fuit
630 624 745 669 pot-ta
769 618 916 668 opicus,
937 621 1077 655 auctor
1095 617 1342 656 Herae-leidis
1365 617 1430 667 (cf.
1452 617 1556 655 infra.
1578 629 1635 654 vs.
1659 617 1821 655 11—12.

335 691 375 725 et
411 685 479 723 IV.
517 686 576 729 16,
611 685 755 732 ῖ-ὅ.),
790 683 851 721 cui
886 687 970 721 erat
1005 682 1247 720 demandata
1283 696 1376 720 cura
1412 682 1626 720 liberorum
1660 681 1822 720 Caesaris

338 749 561 790 Germanic-i
585 749 884 787 educandorum
909 748 975 797 (cf.
1000 747 1100 784 infra
1127 760 1184 785 vs.
1211 749 1391 797 45—48.)
1419 747 1480 786 Ad
1505 747 1677 786 eundem
1700 745 1822 785 missa

335 819 395 855 est
420 814 536 852 Trist.
563 814 639 852 III.
666 817 700 851 5.

395 880 442 918 V.
472 881 507 918 2.
529 879 604 928 Qui
623 879 721 930 quod
739 891 789 923 es,
812 877 851 916 id
869 890 961 921 vere,
980 877 1089 921 Care,
1112 876 1270 922 vocaris,
1291 878 1340 915 cf.
1362 877 1479 915 Trist.
1502 876 1578 915 HI.
1599 879 1635 922 5,
1657 877 1820 916 17-18.

336 950 374 984 et
402 945 494 982 adn.
522 944 572 981 ad
599 944 638 981 h.
667 943 690 981 l.

388 1010 435 1048 V.
465 1011 501 1047 3.
525 1009 624 1047 color
646 1008 719 1053 hic,
743 1008 875 1058 agitur
899 1007 946 1045 do
969 1008 1097 1046 colore
1119 1006 1212 1045 stili.

388 1075 434 1113 V.
466 1077 501 1112 5.
528 1074 696 1125 publica,
723 1073 911 1123 vulgaris.

389 1140 435 1178 V.
464 1141 500 1179 7.
524 1139 677 1177 titulum
699 1138 838 1176 churtae
857 1138 901 1176 de
921 1137 1042 1187 fronte
1063 1137 1231 1183 revellas,
1254 1137 1305 1176 cf.
1328 1137 1378 1175 ad
1401 1136 1519 1175 Trist.
1543 1136 1574 1176 Ι.
1599 1138 1633 1182 1,
1655 1136 1768 1175 ’7-8,

387 1205 434 1243 V.
465 1206 524 1242 11.
553 1203 716 1242 Hercule
745 1203 894 1254 (liquos,
925 1202 1046 1241 Carus
1075 1202 1366 1248 Heracleidem,
1396 1215 1557 1240 carmen
1586 1201 1743 1252 epicum
1772 1200 1822 1240 de

334 1269 518 1314 Hercule,
546 1269 746 1319 scripsisse
773 1268 948 1313 videtur;
976 1268 1026 1306 cf.
1053 1267 1155 1305 infra
1186 1267 1253 1305 1V.
1283 1268 1343 1313 16,
1372 1268 1484 1307 7—8.

388 1335 434 1373 V.
466 1336 626 1372 15—20.
654 1333 861 1378 Thersiten,
884 1334 934 1371 cf.
957 1333 1007 1371 ad
1032 1332 1109 1370 III.
1133 1334 1168 1378 9,
1191 1334 1328 1371 9—10.
1357 1355 1399 1359 —
1422 1331 1582 1377 Nireus,
1605 1330 1822 1382 pulcherri-

337 1413 424 1438 mus
463 1399 689 1438 Graecorum
728 1398 886 1437 Troiam
924 1397 1261 1448 oppugnantium;
1300 1398 1350 1436 cf.
1388 1397 1509 1436 Hom.
1550 1397 1596 1436 Il.
1635 1396 1690 1435 II.
1729 1397 1820 1435 673:

337 1462 488 1516 Νιρεὺς
519 1456 566 1506 ὃς
599 1461 820 1506 κάλλιστος
854 1457 959 1517 άνῆρ
993 1461 1074 1502 ὑπὸ
1100 1457 1225 1501 ’Ἴλιον
1256 1458 1402 1515 ἢλθεν.

388 1529 435 1568 V.
467 1532 527 1567 18.
555 1530 673 1574 Getes,
701 1530 750 1567 cf.
779 1529 829 1566 ad
857 1528 974 1566 Trist.
1004 1528 1080 1566 ΠΙ.
1108 1530 1143 1573 3,
1170 1529 1205 1565 6.

389 1594 435 1633 V.
468 1596 526 1633 19.
554 1594 680 1633 Getico
703 1593 844 1644 scripsi
869 1606 1049 1638 sermone,
1076 1595 1125 1631 cf.
1151 1606 1271 1643 supra
1297 1592 1374 1631 III.
1402 1594 1438 1638 2,
1464 1594 1528 1631 40:
1551 1592 1673 1630 «Nam
1700 1590 1820 1630 didici

338 1659 477 1699 Getice
500 1659 798 1708 Sarmaticeque
823 1658 959 1708 loqui».

389 1724 434 1762 V.
464 1726 626 1763 23—24.
653 1724 695 1762 de
717 1724 880 1768 Goesare,
907 1723 954 1761 de
981 1723 1084 1761 Divo
1112 1724 1305 1772 Augusto.
1336 1745 1378 1750 —
1405 1722 1478 1768 dei,
1505 1721 1690 1772 Augusti.

388 1789 434 1828 V.
464 1790 626 1828 27—28.
651 1802 783 1840 parem
805 1788 940 1827 virlute
963 1788 1079 1839 patri,
1103 1801 1156 1826 sc.
1182 1787 1398 1826 Tiberium.
1427 1810 1469 1814 —
1494 1787 1562 1839 qui
1582 1787 1694 1837 frena
1715 1798 1818 1838 roya-

337 1859 398 1893 ius
421 1855 533 1905 Scepe
559 1854 719 1893 recusati
743 1853 881 1905 ceperit
903 1853 1075 1904 imperii,
1101 1854 1150 1891 cf.
1177 1853 1323 1891 Tiberii
1347 1853 1469 1891 verba
1493 1852 1705 1903 imperium
1728 1852 1820 1902 post

336 1924 506 1958 mortem
538 1919 707 1969 Augusti
739 1919 958 1957 recusantis
990 1919 1097 1969 apud
1131 1918 1222 1956 Tae.
1257 1918 1361 1956 Anu.
1396 1917 1426 1956 I.
1462 1919 1524 1957 11:
1554 1917 1705 1957 «Solam
1735 1915 1820 1955 divi

336 1984 506 2034 Augusti
538 1990 714 2022 mentem
750 1988 874 2022 tantae
907 1983 1020 2021 molis
1053 1996 1268 2033 capuceum
1301 1997 1342 2022 se
1372 1983 1413 2021 in
1447 1986 1603 2033 partem
1635 1993 1821 2021 curarum

336 2050 388 2088 ab
406 2049 471 2087 illo
492 2053 681 2087 vocatum
701 2048 940 2099 experiendo
961 2048 1158 2093 didicisse,
1180 2062 1302 2097 quam
1321 2048 1504 2093 arduum,
1527 2061 1648 2097 quam
1667 2045 1819 2086 subiec-

335 2119 424 2153 tum
438 2115 608 2152 fortimae
622 2114 781 2164 regendi
797 2119 939 2152 cuncta
955 2127 1067 2152 onus.
1084 2113 1256 2151 Proinde
1270 2114 1310 2151 in
1325 2113 1492 2152 civitate
1507 2116 1569 2151 tot
1584 2111 1819 2150 inlustribus

336 2179 431 2218 viris
450 2179 618 2217 subnixa
639 2193 718 2217 uon
739 2179 789 2216 ad
810 2192 932 2216 unum
958 2179 1089 2216 omniu
1118 2179 1331 2217 deferrent:
1358 2178 1488 2229 plures
1508 2177 1662 2216 facilius
1682 2175 1820 2214 munia

335 2245 390 2283 rei
410 2244 576 2295 public-ee
594 2244 752 2283 sociatis
771 2244 973 2282 laboribus
993 2248 1276 2282 exsecuturos».
1300 2266 1342 2270 —
1365 2247 1526 2293 roqatus,
1545 2255 1598 2281 sc.
1617 2255 1639 2280 a
1658 2244 1819 2287 senatu3

337 2311 386 2349 cf.
406 2309 496 2348 Tac.
516 2311 618 2347 Ami.
639 2310 669 2347 Ι.
691 2312 751 2348 11;
767 2309 837 2347 «At
856 2313 988 2359 patres
1009 2339 1016 2347 .
1037 2339 1044 2346 .
1066 2339 1073 2347 .
1093 2309 1133 2346 in
1151 2312 1314 2358 questus
1332 2308 1516 2346 lacrimas
1533 2310 1630 2346 vota
1647 2305 1818 2345 effundi:

335 2375 385 2413 ad
411 2375 516 2420 deos,
541 2375 591 2413 ad
616 2375 788 2423 effigiem
812 2374 995 2424 Augusti,
1020 2374 1070 2412 ad
1094 2387 1221 2423 genua
1245 2373 1368 2424 ipsius
1395 2374 1463 2423 (sc.
1489 2372 1650 2422 Tiberii)
1676 2382 1820 2410 manus

336 2440 527 2479 tendere».

388 2505 434 2543 V.
464 2507 524 2543 ⁶29.
558 2505 724 2550 Vestam,
753 2504 952 2543 castitatis
981 2504 1220 2554 exemplum.
1254 2527 1295 2530 —
1325 2503 1454 2549 Liria,
1483 2503 1605 2541 vidua
1635 2499 1819 2551 Augusti.

388 2569 434 2608 V.
464 2572 627 2609 31—32.
655 2571 750 2609 duos
776 2569 944 2615 iuvenes,
974 2569 1231 2608 Germanicus
1261 2569 1327 2619 (cf.
1356 2569 1405 2606 ad
1435 2568 1489 2606 II.
1519 2568 1570 2618 1.)
1599 2571 1639 2605 et
1667 2566 1820 2605 Drusus

336 2635 466 2673 minor
493 2636 557 2685 (cf.
585 2636 634 2673 ad
664 2635 717 2673 Π.
745 2636 886 2684 2,·74.)
918 2658 960 2661 —
988 2634 1172 2686 parentis.
1200 2633 1358 2672 Tiberii.
1390 2657 1431 2660 —
1459 2633 1633 2684 pignora,
1659 2629 1821 2677 indicia,

335 2701 589 2739 documenta.
