1990 3271
1589 332 1636 366 23

205 459 251 498 V.
276 459 336 497 13.
358 471 428 497 nec
448 471 561 509 pomo
580 457 656 507 feta
679 470 747 496 nec
767 457 868 502 uvis,
890 458 939 495 cf.
963 469 1081 507 supra
1105 456 1155 494 ad
1180 456 1211 494 I.
1231 457 1268 501 3,
1291 457 1354 494 51.
1381 459 1420 494 et
1444 455 1494 494 ad
1518 454 1637 494 Trist.

223 553 231 562 .
318 553 327 569 ,
362 525 383 537 ⁹
416 545 457 549 —-
489 523 524 560 3.

152 523 436 627 IIIV.11(·)5—⁴116.
460 525 660 632 juliorum,
683 586 733 625 cf.
757 599 874 636 supra
899 585 949 623 ad
973 584 1004 623 I.
1029 586 1065 630 2,
1091 586 1178 623 131.
1205 607 1247 612 —
1271 589 1313 623 ut
1334 584 1489 636 populo,
1513 585 1562 623 cf.
1587 583 1638 622 ad

153 652 269 691 Trist.
304 652 338 690 Ι.
373 654 408 697 1,
442 654 502 691 17.

203 717 249 756 V.
271 718 433 755 19—20.
454 716 619 760 mentito,
641 728 693 754 sc.
714 714 826 760 mihi;
848 714 873 752 i.
895 727 926 752 e.
948 714 1147 764 ignoscere
1166 713 1264 752 mihi
1285 713 1458 759 deberes,
1480 711 1635 751 etiamsi

151 781 340 820 mentirer
366 794 429 819 me
456 780 629 818 amicum
656 783 771 817 tuum
799 779 930 817 fuisse.
962 802 1006 807 -—
1031 779 1164 830 gloria,
1192 777 1385 828 gloriatio.

202 846 249 885 V.
282 847 446 884 21—22.
479 845 661 889 amicwn,
695 844 720 882 i.
755 857 786 882 e.
821 843 994 883 amicum
1027 856 1109 882 esse
1143 843 1352 882 Caesarum.
1388 865 1431 871 —
1465 847 1507 881 tu
1537 840 1637 880 mihi

149 910 281 950 Caesar
303 922 400 955 eras,
425 909 450 947 i.
478 922 510 948 e.
536 922 615 948 non
641 922 726 947 eras
751 908 847 947 mihi
875 908 1026 947 amicus
1051 908 1229 953 intimus,
1255 908 1323 946 sed
1349 919 1418 957 ego
1443 906 1500 945 ita
1524 918 1638 958 paene

150 978 192 1013 te
207 978 422 1014 veneratus
441 987 543 1019 sum,
562 979 777 1025 patronum
795 973 968 1012 nobilem
987 978 1110 1023 atque
1127 977 1347 1024 potentem,
1365 976 1411 1010 ut
1430 972 1635 1011 Caesarem.

200 1039 248 1078 V.
282 1041 344 1078 24.
381 1039 509 1084 Atria,
544 1039 803 1088 cogitandum
838 1038 886 1077 de
919 1038 1029 1076 atriis
1064 1038 1273 1076 domorum
1306 1036 1513 1083 nobilium,
1547 1048 1635 1086 quae
1709 1083 1712 1085 Α

149 1103 300 1143 cotidie
327 1103 535 1142 clientibus
563 1103 824 1154 complentur.

199 1169 247 1207 V.
270 1169 434 1207 25—26.
456 1168 558 1207 vnihil
577 1168 762 1220 amplius,
784 1181 864 1206 non
886 1167 1013 1206 maior
1033 1180 1141 1205 usus.
1167 1190 1210 1195 -—
1234 1166 1430 1212 salutaris,
1451 1165 1636 1215 intellege

148 1233 435 1272 salutationem
466 1233 697 1272 sollemnem
729 1233 987 1278 matutinam,
1019 1232 1044 1270 i.
1077 1245 1109 1270 e.
1141 1245 1232 1271 cum
1263 1236 1453 1282 patronos
1483 1229 1635 1270 nobiles

148 1311 266 1336 mane
292 1297 514 1336 salutatum
541 1302 635 1336 eunt
664 1297 779 1336 amici
807 1302 845 1336 et
874 1297 1046 1336 clientes.

197 1363 245 1401 V.
281 1364 444 1402 27-23,
477 1363 634 1414 yevzitor,
670 1362 851 1401 Messalla
889 1361 1095 1401 Corvinus.
1134 1384 1177 1389 -
1212 1362 1395 1401 Hortator
1427 1359 1632 1400 studii...

146 1426 234 1472 φησὶ,
264 1426 446 1465 Messalla
478 1431 562 1465 erat
593 1426 744 1477 primus
774 1431 967 1477 patronus
998 1426 1132 1466 Ovidii
1161 1426 1330 1471 iuvenis,
1362 1426 1411 1464 cf.
1442 1425 1546 1464 inira
1577 1424 1632 1463 II.

145 1493 182 1537 3,
209 1493 373 1531 75—78.
401 1495 440 1529 et
467 1492 518 1529 ad
545 1491 663 1530 Trist.
692 1491 761 1530 IV.
787 1495 824 1537 4,
851 1493 1014 1531 27—32.

196 1556 246 1597 V.
264 1557 326 1595 30.
345 1556 468 1595 ‘medio
485 1556 627 1608 scripta
646 1557 817 1595 canenda
834 1556 928 1606 soro,
946 1556 971 1594 i.
991 1569 1023 1595 e.
1042 1568 1201 1595 carmen
1219 1555 1384 1605 lugubre
1401 1554 1441 1593 in
1459 1558 1631 1594 mortem

143 1620 349 1666 Messallae,
389 1621 496 1671 quod
532 1625 745 1660 cantatum
782 1626 841 1660 est·
877 1621 918 1659 in
954 1622 1104 1666 funere,
1142 1634 1233 1659 cum
1269 1632 1417 1671 pompa
1453 1618 1631 1658 funebris

145 1685 391 1724 constitisset
427 1685 468 1723 in
504 1686 590 1725 foro
627 1687 678 1724 ad
715 1686 975 1725 laudatione-771.
1012 1686 1249 1736 (orationem
1284 1684 1553 1723 laudatoriam
1588 1683 1629 1722 in

145 1750 339 1789 honorem
375 1750 567 1801 defuncti)
606 1751 836 1789 sollemnem
872 1751 1125 1789 audiendam.

195 1815 244 1854 V.
275 1816 438 1853 31—32.
469 1815 597 1864 frater,
631 1815 746 1854 Cotta
778 1815 992 1861 Maximus,
1024 1815 1175 1854 amicus
1207 1814 1340 1854 Ovidii
1369 1814 1547 1859 intimus,
1581 1813 1630 1852 de

145 1892 225 1929 quo
249 1892 369 1930 supra
393 1880 444 1918 ad
468 1880 500 1918 Ι.
526 1883 562 1918 5.
590 1903 633 1908 -
662 1880 825 1925 Atridis,
851 1881 1126 1929 Agamemnon
1150 1884 1189 1918 et
1211 1879 1426 1918 Menelaus.
1454 1901 1497 1906 —
1526 1879 1629 1930 Tyn·

144 1943 306 1990 daridis,
341 1943 479 1983 Castor
513 1948 551 1983 et
584 1945 739 1991 Pollux,
774 1945 843 1983 filii
878 1945 1089 1995 Tyndarei.

194 2009 242 2047 V.
271 2009 334 2046 34.
362 2009 552 2054 nocitura,
581 2023 633 2048 sc.
664 2010 771 2060 apud
799 2010 1039 2060 Augustum.

193 2073 242 2112 V.
268 2074 432 2112 39—40.
459 2074 639 2126 culpam.
662 2105 669 2112 .
691 2075 884 2124 jacimus,
912 2075 961 2114 cf.
990 2075 1040 2113 ad
1067 2074 1184 2112 Trist.
1212 2074 1245 2112 I.
1272 2075 1308 2119 2,
1335 2074 1396 2112 98.

193 2138 240 2177 V.
261 2140 323 2177 42.
343 2138 515 2190 releqari,
536 2140 585 2178 cf.
607 2139 657 2177 ad
678 2139 794 2178 Trist.
816 2139 848 2178 Ι.
869 2141 905 2185 7,
925 2141 961 2178 8.

191 2202 241 2242 V.
262 2205 324 2241 44.
347 2203 578 2249 stultitiam,
601 2205 651 2242 cf.
675 2204 725 2242 ad
748 2203 865 2242 Trist.
888 2204 920 2243 I.
943 2206 979 2249 2,
1003 2205 1089 2243 100.

193 2267 241 2306 V.
264 2270 327 2307 47.
350 2268 433 2306 Nec
452 2268 572 2307 vitam
590 2282 659 2308 nec
679 2282 781 2320 opes,
804 2270 854 2308 cf.
878 2269 928 2307 ad
951 2269 1068 2307 Trist.
1092 2268 1124 2307 Ι.
1149 2270 1184 2314 1,
1206 2270 1268 2308 20.

192 2331 241 2372 V.
271 2334 331 2371 52.
356 2333 501 2378 Pelias,
529 2333 647 2372 hasta
674 2333 839 2373 Achillis
867 2347 888 2372 e
914 2333 1071 2372 fraxino
1097 2333 1139 2371 in
1165 2336 1303 2373 monte
1329 2332 1438 2371 Pelio
1464 2335 1577 2371 nata.

193 2396 243 2436 V.
268 2400 328 2436 55.
348 2397 474 2443 Culta,
497 2399 546 2436 cf.
568 2411 688 2449 supra
709 2399 760 2437 ad
781 2398 813 2437 I.
835 2400 871 2444 2,
894 2400 980 2437 131.
1005 2422 1049 2426 —
1071 2398 1178 2444 citra,
1199 2398 1344 2437 minus.

193 2461 242 2500 V.
275 2464 336 2501 57.
367 2463 444 2502 Sed
474 2467 612 2508 tamen,
646 2463 875 2502 emendavit
910 2463 1042 2509 Riese3
1075 2463 1255 2503 codices:
1297 2476 1367 2502 ‘nec
1407 2466 1545 2502 tamen.
1581 2483 1626 2489 —

141 2525 276 2565 domus
303 2526 434 2572 altera,
463 2527 489 2565 i.
520 2540 552 2566 e.
583 2528 724 2566 domus
755 2528 880 2567 Cottae
908 2527 1088 2567 Maximi.

189 2590 238 2629 V.
258 2591 319 2629 59.
338 2591 492 2638 excolat,
512 2592 737 2643 emphatice
756 2593 912 2632 dictum
930 2606 1001 2644 pro
1020 2593 1128 2638 colai,
1148 2593 1199 2632 cf.
1219 2605 1338 2643 supra
1359 2592 1410 2630 ad
1429 2591 1462 2630 1.
1480 2593 1518 2638 2,
1539 2592 1627 2629 131.

190 2654 240 2693 V.
269 2655 433 2694 61—62.
465 2657 645 2703 emeritis,
673 2657 774 2696 bene
803 2658 851 2696 de
877 2657 992 2696 nobis
1020 2657 1278 2696 merentibus.
1310 2679 1355 2685 —
1384 2660 1438 2696 est
1463 2656 1629 2706 fortunoe

139 2719 393 2771 pronwruisse
418 2725 507 2767 tuoe,
535 2721 561 2759 i.
589 2734 621 2760 e.
649 2722 762 2761 decet
785 2722 991 2761 hominem
1026 2726 1113 2761 tam
1136 2722 1313 2761 nobilem
1338 2724 1460 2771 atque
1486 2723 1626 2772 poten·

140 2787 224 2823 tem
246 2784 437 2824 beneficia
461 2785 555 2824 dare
578 2786 701 2824 etiam
723 2786 784 2833 iis,
809 2786 877 2836 qui
902 2799 947 2825 ea
970 2787 1152 2826 nondum
1174 2789 1419 2825 meruerunt.
