1990 3271
356 255 402 289 64

412 378 458 417 V.
488 379 548 416 27.
576 375 690 421 atria,
716 387 770 413 sc.
797 373 976 424 Pompei.
1006 395 1048 400 —
1077 371 1198 418 turba,
1225 384 1279 410 sc.
1305 370 1584 410 salutantium.

410 443 455 481 V.
487 443 547 480 19.
593 439 824 491 Templaque
869 438 1047 489 Tarpeioe
1087 436 1259 488 primum
1300 435 1370 475 tibi
1410 435 1512 475 sedis
1552 435 1669 481 adiri,
1710 446 1843 474 novus

358 507 495 547 consul
516 505 708 544 Kalendis
728 504 924 543 Ianuariis
942 504 981 542 in
1002 502 1197 554 Capitolio
1215 501 1457 541 sacrificavit
1476 500 1578 540 Iovi.
1599 523 1642 528 —
1665 499 1845 552 Tarpeioe

362 604 368 611 .
392 605 397 610 .
420 571 559 617 .sedis,
584 570 786 621 Capitolii;
809 571 859 609 cf.
883 569 933 608 ad
960 569 1014 608 ΙΙ.
1040 571 1073 610 1,
1098 570 1158 607 57.

410 638 455 675 V.
485 638 649 675 31—32.
674 635 781 674 bores
803 635 945 680 niveos,
967 633 1053 672 Iovi
1077 633 1390 671 immolabantur
1413 630 1518 670 tauri
1541 630 1634 670 albi.
1661 652 1705 658 —
1728 628 1842 668 herba

362 702 532 747 Falisca,
561 714 654 750 ager
681 700 939 738 Faleriorum.
969 698 1076 737 urbis
1104 698 1298 743 Etrusca„
1328 697 1482 748 pascuis
1511 696 1655 742 clarus3
1684 695 1735 735 cf.
1764 694 1842 734 Ov.

359 768 469 806 Fasti.
496 766 527 805 Ι.
552 767 615 804 84:
636 766 761 812 «Quos
784 764 883 803 aluit
906 764 1057 814 campis
1079 763 1199 801 herba
1225 762 1380 802 Falisca
1401 762 1508 801 suis».

410 833 457 870 Y.
488 833 550 869 34.
574 830 718 875 Coesar,
745 831 962 879 Augustus.

410 897 456 934 V.
487 897 548 933 35.
576 899 787 946 patresque,
814 898 1030 932 senatores.

409 961 455 999 V.
485 962 546 999 37.
584 959 754 1008 facundo
774 990 780 996 .
803 990 809 997 .
832 971 931 1004 ,oo-e,
970 958 1017 996 de
1055 957 1283 1006 eloquentia
1317 956 1427 996 Sexti
1464 956 1629 1007 Pompei
1666 956 1717 995 cf.
1753 953 1843 993 Val.

359 1026 465 1064 Max.
491 1025 559 1064 IV.
582 1027 618 1070 4,
644 1026 706 1062 11:
726 1023 1028 1063 «facimdissimo
1049 1035 1244 1067 sermone,
1267 1021 1334 1071 qui
1356 1034 1424 1060 ore
1444 1021 1526 1060 eius
1548 1021 1661 1071 quasi
1683 1033 1703 1059 e
1723 1020 1845 1059 beato

359 1091 535 1141 quodam
564 1089 801 1138 eloquentiae
822 1090 933 1127 fonte
961 1088 1171 1126 manabat»
1199 1090 1238 1125 et
1266 1086 1362 1125 ibid.
1392 1086 1461 1125 1V.
1491 1088 1526 1132 7,
1555 1088 1594 1125 2:
1620 1081 1844 1125 «clarissimi

358 1169 402 1194 ac
430 1154 678 1194 disertissimi
705 1154 808 1192 viri».

411 1221 457 1258 V.
487 1222 547 1258 38.
575 1232 758 1270 prospera
782 1219 906 1263 verba,
932 1218 1052 1256 verba
1079 1220 1311 1255 senatorum
1335 1229 1440 1255 novo
1466 1215 1617 1255 consuli
1641 1213 1843 1266 gratulan-

359 1285 462 1323 tium
484 1284 799 1333 felicitatemque
821 1283 1067 1333 optantium:
1091 1283 1140 1321 cf.
1165 1282 1239 1321 Ov.
1262 1282 1373 1320 Fast.
1398 1281 1429 1320 Ι.
1454 1283 1540 1320 175.
1565 1281 1630 1332 (de
1651 1277 1847 1320 Kalendis

360 1349 587 1399 Ianuariis):
614 1350 684 1387 «At
713 1362 782 1387 (eur
809 1349 898 1386 laeta
928 1347 1007 1386 tuis
1035 1347 1223 1386 dicuntur
1249 1348 1372 1386 verba
1400 1346 1593 1387 Kalendis
1620 1346 1675 1385 Et
1703 1335 1867 1384 damus'

358 1415 532 1453 alternas
557 1414 854 1464 accipimusque
878 1414 1054 1464 preces·'?»

910 1589 996 1630 Mb.
1022 1590 1099 1630 IV.
1124 1589 1235 1641 epist.
1261 1590 1297 1628 5.

798 1689 871 1732 Ad
905 1688 1106 1732 Sextum
1138 1687 1420 1744 Pompeium.

414 1803 475 1841 Ad
502 1802 671 1840 eundem
696 1814 815 1852 supra
842 1801 911 1839 IV.
939 1803 988 1846 1.,
1015 1801 1083 1839 ubi
1109 1802 1158 1840 ef.
1185 1801 1278 1839 adn.

412 1867 459 1905 V.
490 1868 524 1905 1.
563 1866 657 1906 leves
693 1866 796 1917 elegi,
833 1866 976 1904 levitas
1012 1865 1239 1915 elegiarum,
1276 1878 1447 1915 quarum
1483 1864 1644 1916 propria
1679 1862 1849 1903 materia

365 1935 425 1970 est
466 1945 589 1978 amor,
630 1931 848 1981 opponitur
888 1930 1079 1981 gravitati
1120 1930 1342 1969 carminum
1381 1930 1595 1981 epicorum.
1639 1951 1683 1957 —-
1723 1929 1851 1969 doctas

361 1997 436 2036 ad.
458 2027 466 2034 .
487 2027 494 2034 .
513 2009 636 2042 aures,
663 2000 748 2034 erat
773 1996 878 2034 enim
902 1995 1115 2047 Pompeius
1139 1998 1274 2034 orator
1299 1995 1442 2041 bonus;
1467 1995 1517 2034 cf.
1543 2007 1664 2046 supra
1698 1993 1750 2033 ad
1775 1992 1846 2033 IV.

362 2066 398 2108 4,
424 2063 486 2101 37.
515 2084 558 2088 —
585 2061 768 2107 consulis,
792 2060 936 2101 Sextus
961 2061 1175 2111 Pompeius
1194 2060 1331 2099 consul
1350 2059 1427 2099 fuit
1451 2073 1516 2098 an.
1543 2061 1603 2099 14.
1629 2073 1667 2111 p.
1693 2058 1783 2099 Chr.
1806 2071 1849 2098 n.

414 2127 462 2165 V.
479 2128 578 2165 3—4
596 2139 665 2165 vec
682 2139 746 2164 ros
764 2126 924 2178 pedibus
942 2126 1146 2177 proceditis
1163 2125 1296 2178 eequis,
1317 2125 1411 2176 quia
1428 2125 1468 2163 in
1488 2124 1658 2164 disticho
1676 2122 1850 2175 elegiaco

362 2191 594 2230 hexameter
626 2191 782 2241 longior
815 2195 874 2230 est
907 2194 1177 2242 pentametro;
1211 2192 1261 2230 cf.
1296 2190 1371 2230 Ov.
1406 2190 1496 2229 Am.
1530 2189 1608 2229 ΠΙ.
1643 2190 1678 2235 1,
1713 2189 1749 2228 8.
1783 2187 1850 2238 (de

363 2256 501 2306 Elegia
533 2256 845 2307 personificata.):
875 2269 960 2307 «pes
984 2256 1041 2294 illi
1071 2256 1224 2306 longior
1247 2255 1348 2294 alter
1373 2258 1485 2294 erat».
1514 2277 1557 2282 -
1584 2252 1751 2293 brumali
1779 2252 1850 2291 sub

360 2321 459 2366 nive,
496 2321 663 2360 Ovidius
697 2321 801 2360 hano
835 2321 1001 2372 elegiam
1035 2334 1171 2360 mense
1206 2320 1394 2360 Ianuario
1427 2323 1499 2359 aut
1532 2318 1750 2359 Februario
1783 2330 1849 2356 an.

363 2388 423 2425 14.
454 2400 492 2437 p.
522 2385 610 2425 Chr.
640 2399 679 2424 n.
708 2386 909 2437 scripsisse
935 2387 1109 2425 videtur.

414 2450 461 2488 V.
493 2452 604 2489 5—6.
640 2451 817 2497 Hoemus,
854 2455 1026 2498 montes,
1063 2451 1130 2501 qui
1166 2449 1349 2489 Moesiam
1385 2462 1407 2488 a
1445 2449 1612 2488 Thracia.
1646 2450 1848 2500 separant,

365 2529 471 2553 nuno
505 2515 674 2554 Ball-an.
711 2539 754 2543 —
786 2516 838 2555 Et
867 2516 990 2556 maris
1019 2516 1130 2555 Iom'i
1159 2515 1394 2556 transieritis
1440 2527 1573 2566 aqvas,
1603 2513 1769 2565 supple:
1811 2514 1852 2551 et

364 2580 625 2618 Briuidisium
654 2581 709 2631 (in
740 2581 937 2632 Calabria)
967 2580 1214 2632 appuleritis.

414 2645 461 2683 V.
492 2647 527 2684 7.
558 2645 659 2684 Luce
689 2646 822 2685 minus
851 2647 1011 2693 decima,
1042 2646 1256 2685 Brundisio
1285 2645 1459 2684 Romam
1486 2644 1563 2683 iter
1591 2646 1676 2684 erat
1703 2654 1851 2683 novem

363 2710 445 2748 fere
469 2709 634 2748 dierum.
663 2733 704 2737 ——
730 2711 941 2758 dominam,
965 2724 1018 2751 sc.
1043 2711 1149 2751 orbis
1172 2714 1383 2756 terrarum,
1406 2709 1592 2749 Romam.
