1990 3271
691 908 796 960 AD
834 906 1152 960 LIBRUM
1189 905 1632 961 SECUNDUM.

975 1093 1061 1133 Dib.
1086 1094 1148 1133 ΙΙ.
1174 1093 1284 1144 epist.
1309 1093 1346 1132 1.

801 1210 873 1254 Ad
907 1211 1141 1254 Caesarem
1174 1210 1515 1255 Germanicum.

469 1347 508 1385 C.
546 1346 730 1385 Claudius
767 1346 894 1385 Caesar
928 1345 1186 1385 Germanicus
1221 1345 1298 1384 fuit
1332 1345 1435 1384 filius
1471 1346 1589 1385 Drusi
1626 1345 1798 1393 maioris,
1828 1345 1904 1391 >filii

415 1411 539 1450 Liviae
572 1414 611 1449 et
644 1410 795 1450 Claudii
828 1410 1009 1456 Neronis,
1041 1410 1213 1462 privigni
1245 1411 1427 1461 Augusti,
1453 1415 1543 1462 post
1575 1415 1746 1450 mortem
1776 1410 1903 1462 patris

415 1489 439 1515 a
461 1479 604 1527 patruo
629 1475 785 1514 Tiberio
809 1475 1041 1526 adoptatus.
1067 1476 1167 1514 Erat
1190 1476 1325 1514 fautor
1348 1479 1572 1527 poetarum,
1596 1479 1716 1527 poeta
1739 1479 1780 1515 et
1804 1476 1902 1528 ipse,

415 1553 536 1592 quare
565 1540 731 1580 Ovidius
761 1540 795 1578 ei
826 1540 1027 1579 dedicavit
1056 1540 1198 1579 Fastos
1229 1541 1271 1578 in
1301 1540 1418 1580 exilio
1447 1543 1698 1580 retractatos.

465 1606 511 1644 V.
541 1607 650 1644 1—2.
677 1605 845 1644 Caesarei
863 1635 871 1643 .
892 1635 899 1643 .
921 1635 928 1643 .
947 1604 1149 1657 triumphi,
1179 1605 1358 1644 Tiberius
1387 1606 1526 1651 Caesar,
1555 1605 1657 1644 filius
1685 1605 1902 1657 adoptivus

415 1674 455 1709 et
480 1671 591 1709 heres
619 1670 801 1720 Augusti,
831 1683 964 1708 mense
1003 1670 1190 1709 Ianuario
1217 1684 1281 1708 an.
1310 1672 1370 1709 13.
1399 1685 1437 1722 p.
1467 1671 1555 1710 Chr.
1584 1684 1622 1709 11.
1651 1670 1903 1722 triumphum

414 1734 494 1785 egit
529 1735 576 1773 de
608 1735 828 1780 Pannonia,
864 1734 1068 1774 Dalmatia
1102 1739 1142 1774 et
1177 1735 1327 1786 Illyria,
1362 1735 1431 1774 ubi
1465 1749 1557 1774 cum
1589 1735 1902 1787 provincialibus

413 1799 696 1838 rebellantibus
718 1799 866 1838 bellum
886 1799 1005 1850 gessit
1027 1800 1406 1851 periculosissimum
1427 1813 1490 1838 an.
1506 1815 1543 1851 p.
1561 1800 1650 1840 Chr.
1664 1813 1703 1839 n.
1724 1801 1836 1840 6-9.
1855 1823 1899 1829 —

413 1878 485 1917 quo
505 1864 598 1914 sessi
618 1864 683 1903 vix
702 1865 804 1904 venit
824 1878 921 1903 aura
942 1865 1036 1910 noti,
1059 1865 1153 1915 quia
1174 1865 1215 1903 in
1236 1865 1396 1916 regione
1416 1865 1559 1916 frigida
1582 1865 1800 1905 'Pomorum
1819 1878 1901 1905 non

412 1929 571 1980 tepidus
617 1929 758 1975 Notus,
793 1930 861 1968 sed
902 1930 1049 1968 Boreas
1082 1930 1265 1969 horridus
1298 1930 1533 1982 plerumque
1566 1930 1751 1970 bacchari
1782 1929 1899 1977 solem

412 1994 658 2034 contrarium
691 1994 786 2033 dicit
820 2008 939 2046 supra
973 1995 1004 2034 Ι.
1040 1998 1074 2041 5,
1109 1997 1169 2035 72.
1206 1995 1254 2034 de
1286 1995 1432 2034 Roma:
1463 1996 1569 2043 «Quo
1602 1995 1742 2034 boreas
1775 1994 1901 2047 pinna

415 2058 621 2098 deficiente
648 2059 786 2097 venit».

464 2124 510 2161 V.
532 2125 567 2161 3.
591 2124 779 2173 Scythica,
801 2125 850 2163 cf.
873 2125 924 2163 ad
946 2124 1063 2163 Trist.
1088 2125 1164 2163 III.
1186 2128 1222 2170 4,
1244 2126 1305 2163 46.

464 2188 511 2226 V.
551 2190 585 2226 6.
623 2188 787 2237 jortunae
823 2190 933 2229 verba
969 2189 1126 2242 dedique
1163 2203 1267 2236 meoe,
1305 2194 1513 2240 tamquam
1554 2189 1673 2228 fefelli
1712 2189 1898 2228 miseram

414 2265 542 2291 meam
572 2254 787 2291 fortunam.

464 2317 511 2355 V.
542 2319 577 2356 7.
608 2318 750 2364 Caesar,
783 2320 999 2369 Augustus.

463 2381 509 2419 V.
531 2384 592 2420 20.
613 2383 728 2428 Getis,
751 2384 800 2422 cf.
823 2384 875 2422 ad
895 2383 1014 2422 Trist.
1037 2384 1114 2422 III.
1136 2385 1172 2430 3,
1194 2385 1229 2422 6.

464 2446 510 2484 V.
539 2448 600 2485 22.
629 2447 750 2493 ducis,
781 2448 925 2486 Tiberii
953 2448 1254 2500 triumphantis.

463 2510 509 2548 V.
542 2512 603 2549 23.
637 2512 740 2562 capit
771 2513 888 2551 vastis
924 2513 1154 2552 immensum
1182 2513 1371 2552 moenibus
1402 2513 1538 2559 orbem,
1571 2513 1644 2552 hoe
1678 2513 1763 2553 loco
1794 2510 1896 2552 orbis

413 2574 607 2624 significat
641 2576 770 2615 locum
802 2578 1027 2628 (tamquam
1057 2578 1263 2628 circulum)
1298 2578 1419 2616 muris
1450 2577 1755 2617 circumdatum.

464 2639 510 2678 V.
541 2641 703 2679 25—26.
735 2641 894 2687 lucibus,
926 2642 1078 2681 diebus.
1111 2666 1154 2670 ——
1188 2642 1349 2682 Fuderit
1376 2642 1556 2682 assiduas
1583 2642 1742 2682 ‘nubilus
1770 2646 1898 2682 auster

413 2716 545 2756 aquas,
577 2706 626 2743 cf.
659 2705 801 2743 Tibull.
834 2706 864 2745 Ι.
898 2709 931 2751 1,
963 2710 1027 2747 47:
1057 2707 1224 2758 «gelidas
1253 2707 1441 2746 hibernus
1472 2719 1596 2758 aquas
1625 2720 1717 2746 cum
1746 2704 1896 2746 fuderit

413 2772 573 2807 auster».
614 2791 655 2797 ——
692 2770 850 2809 nubilus
885 2775 1023 2818 auster,
1061 2772 1129 2822 qui
1164 2771 1398 2823 plerumque
1433 2771 1590 2823 pluvias
1625 2785 1759 2812 secum
1793 2772 1895 2812 ferre
