1990 3271
1567 260 1614 293 85

129 386 228 426 Hor.
254 383 385 435 Epist.
413 383 444 423 I.
471 385 507 430 3,
534 385 570 423 9.
597 387 948 423 commemoratus:
972 384 1093 432 «Quid
1121 383 1262 429 Titius,
1291 383 1474 422 Romana
1502 383 1613 423 brevi

129 454 322 490 venturus
359 449 399 487 in
436 450 531 488 ora‘?
567 448 766 487 Pindarici
803 449 926 488 fontis
964 448 1031 498 qui
1068 461 1147 487 non
1185 447 1379 499 expalluit
1416 449 1611 488 haustus».

131 515 285 555 Nomen
307 513 342 552 ei
364 513 486 564 igitur
509 513 649 559 Titius,
673 526 891 564 cognomen
915 513 1045 551 Rufus
1069 514 1189 551 fuisse
1212 513 1386 551 videtur.

181 580 227 618 V.
257 580 420 618 29—30.
459 578 641 624 Turrani,
679 578 906 624 Turranius,
947 582 1064 628 poeta
1105 578 1294 628 tragicus,
1334 578 1493 617 aliunde
1532 592 1611 618 non

128 649 261 685 notus.
296 666 338 671 -
369 643 575 689 cothurnis,
605 643 736 682 calceo
764 643 1050 693 tragoedorum.
1086 665 1128 670 —
1158 655 1275 688 socco,
1306 642 1437 681 calceo
1467 656 1613 683 comoe-

130 711 284 750 dorum.
329 730 371 736 -
413 707 586 753 Melisse,
624 707 664 747 C.
706 707 898 753 Melissus,
939 707 1166 746 Maecenatis
1207 707 1386 753 libertus,
1426 707 1614 748 inventor

130 774 224 814 novi
250 773 401 824 generis
429 773 646 818 comoediae,
672 773 817 811 sabulae
842 773 1048 811 trabeatae.
1074 772 1254 811 Melissus
1282 772 1430 812 scilicet
1459 773 1613 822 equites

129 840 345 884 Romanos,
379 838 533 883 trabea,
567 837 719 876 vestitu
752 838 940 888 equestri,
973 838 1136 877 indutos
1170 837 1210 876 in
1244 851 1404 876 scenam
1436 838 1612 884 induxit,

129 904 234 943 unde
258 915 416 942 nomen.
446 902 503 941 Cf.
529 902 638 942 Suet.
669 903 726 941 De
753 907 965 953 grammat.
995 905 1059 941 21:
1084 903 1213 942 «Fecit
1241 910 1281 941 et
1308 916 1460 941 novum
1487 916 1611 953 genus

130 968 389 1020 (fabularum)
416 971 647 1017 togatarum
670 968 950 1018 inscripsitque
974 968 1188 1007 trabeatas».

179 1033 226 1072 V.
255 1034 418 1072 31—32.
454 1031 611 1079 Varius,
643 1032 688 1071 L.
720 1033 862 1071 Varius
894 1033 1038 1077 Rufus,
1071 1032 1233 1083 Vergilii
1265 1033 1417 1072 amicus
1450 1039 1489 1072 et
1521 1037 1612 1084 post
1649 1025 1651 1027 .

128 1102 300 1138 mortem
330 1097 412 1136 eius
443 1097 572 1136 editor
614 1098 822 1143 Aeneidos,
853 1097 1011 1148 scripsit
1042 1098 1283 1148 tragoediam
1313 1098 1612 1137 celeberrimam

132 1164 329 1214 Thyesten.
347 1185 390 1190 —
411 1162 685 1214 Gracchusque,
707 1163 770 1202 hic
792 1175 950 1213 quoque
970 1163 1127 1214 scripsit
1149 1163 1389 1213 tragoediam
1410 1163 1612 1214 Thyesten

129 1233 232 1268 teste
277 1227 465 1267 Priscian.
498 1227 675 1266 Gramm.
706 1228 776 1266 lat.
809 1228 864 1266 II.
896 1242 936 1278 p.
968 1229 1055 1266 269.
1087 1229 1123 1266 8.
1158 1251 1200 1254 —
1232 1227 1423 1278 tyrannis,
1453 1228 1611 1278 regibus

126 1294 168 1333 in
199 1292 395 1344 tragoedia
426 1292 633 1343 primarias
665 1297 797 1343 partes
829 1293 1051 1343 agentibus.
1089 1315 1131 1320 —
1162 1293 1395 1332 Callimachi
1421 1293 1612 1332 Proculus

127 1358 238 1398 molle
271 1361 406 1397 teneret
440 1357 521 1402 iter,
558 1357 761 1404 Proculus,
797 1358 957 1397 aliunde
990 1372 1070 1397 non
1105 1365 1239 1403 notus,
1275 1357 1432 1409 scripsit
1468 1358 1611 1408 elegias

127 1424 178 1463 ad
225 1423 452 1473 exemplum
499 1422 741 1469 Callimachi,
790 1423 979 1474 principis
1026 1423 1158 1473 elegiae
1206 1423 1497 1462 Alexandrinae.
1549 1445 1592 1450 —

127 1488 237 1528 molle
255 1518 263 1526 .
284 1519 291 1526 .
312 1518 319 1526 .
337 1487 420 1533 iter,
447 1487 498 1526 ad
525 1487 667 1538 elegias
694 1488 862 1527 eroticas
888 1488 1152 1527 referendum.

178 1553 225 1592 V.
254 1554 417 1592 33—34.
445 1553 605 1604 Tityron
627 1553 808 1605 antiquas
834 1553 1047 1605 Passerque
1069 1553 1205 1592 rediret
1228 1553 1278 1592 ad
1299 1553 1445 1599 herbas,
1470 1553 1612 1592 Passer

126 1619 272 1658 rediret
303 1618 354 1656 ad
387 1618 571 1668 Tityrum
603 1619 871 1668 antiquasque
902 1619 1058 1664 herbas,
1082 1618 1108 1656 i.
1141 1631 1174 1657 e.
1207 1618 1259 1656 ad
1291 1631 1413 1668 genus
1446 1630 1610 1669 poeseos

127 1683 352 1723 bucolicum
378 1696 399 1721 a
427 1683 598 1733 Vergilio
625 1683 721 1722 olim
747 1683 964 1729 excultum,
993 1683 1136 1722 deinde
1163 1697 1232 1733 per
1259 1683 1423 1733 longum
1450 1688 1609 1734 tempus

133 1748 256 1799 (unde
280 1747 483 1799 antiquas)
512 1748 750 1798 neglectum.
781 1771 823 1775 —
854 1748 1026 1798 Tityron,
1052 1761 1197 1787 nomen
1223 1748 1394 1798 pastoris
1420 1762 1469 1787 ex
1493 1748 1609 1799 Verg.

129 1813 213 1852 Ecl.
242 1812 275 1851 Ι.
302 1816 458 1858 notum,
486 1812 683 1862 significat
713 1826 835 1863 genus
864 1826 1026 1864 poeseos
1054 1813 1290 1852 bucolicum.
1316 1836 1358 1840 —
1383 1813 1609 1865 Passerque,

130 1878 282 1924 Passer,
300 1890 444 1917 nomen
466 1882 593 1928 poetae
607 1877 767 1917 aliunde
785 1891 865 1917 non
883 1878 983 1917 noti.
1001 1901 1044 1906 —
1067 1879 1245 1930 Aptaque
1266 1878 1421 1917 venanti
1438 1878 1610 1917 Grattius

128 1956 237 1982 arma
267 1943 382 1988 daret,
415 1943 557 1982 alludit
589 1942 640 1981 ad
673 1943 820 1982 Grattii
853 1943 1119 1994 Cynegeticon
1151 1956 1210 1981 vs.
1244 1945 1307 1982 23:
1338 1942 1538 1982 «Carmine
1570 1948 1610 1981 et

128 2021 239 2047 arma
272 2007 376 2047 dabo
409 2008 574 2046 venanti
608 2012 647 2046 et
682 2021 896 2058 persequar
929 2012 1033 2047 artes
1068 2009 1308 2047 Armorum».
1348 2031 1389 2035 —
1425 2008 1609 2054 Grattius,

127 2076 267 2112 auctor
304 2072 488 2111 carminis
527 2073 714 2112 didactici
753 2073 801 2112 de
838 2078 924 2112 arte
962 2074 1136 2112 venandi
1177 2074 1462 2124 (Cyneqetica),
1503 2073 1610 2122 quod

128 2138 179 2177 ad
204 2150 276 2176 nos
303 2137 498 2188 pervenit.

178 2203 226 2241 V.
255 2204 418 2242 35-36.
438 2203 592 2242 Naidas
609 2217 633 2242 a
650 2203 802 2254 Satyris
819 2209 967 2243 caneret
986 2204 1190 2243 Fontanus
1207 2208 1369 2250 amatas,
1388 2204 1609 2248 Fontanus,

128 2271 247 2319 poeta
274 2267 434 2307 aliunde
460 2281 540 2307 non
568 2273 701 2315 notus,
727 2269 904 2308 carmina
929 2269 1108 2309 bucolica
1137 2269 1404 2320 composuisse
1431 2269 1610 2313 videtum

126 2345 223 2371 nam
237 2332 363 2384 satyri
380 2337 420 2372 et
435 2334 624 2384 nymphae
640 2334 749 2385 apud
766 2338 904 2385 poetas
922 2334 1122 2374 bucolicos
1137 2335 1391 2385 potissimum
1408 2346 1611 2373 occurrere

127 2397 269 2436 solent.
305 2398 381 2436 Alii
415 2399 464 2437 de
497 2399 747 2438 dramatibus
781 2399 964 2450 satyricis
999 2399 1191 2450 cogitant.
1230 2423 1273 2427 —
1307 2399 1525 2451 imparibus
1544 2428 1552 2436 .
1573 2428 1609 2436 ..

127 2462 264 2508 niudis,
283 2462 462 2502 distichis
480 2463 673 2514 elegiacis,
693 2464 761 2504 ubi
778 2465 1011 2504 hexameter
1028 2465 1181 2516 longior
1198 2468 1258 2504 est
1277 2468 1543 2516 pentametro.
1567 2485 1609 2490 —

125 2527 298 2578 Capella,
324 2532 443 2579 poeta.
469 2529 662 2579 elegiacus
688 2530 808 2569 fuisse
833 2530 1007 2570 videtur.

179 2592 227 2630 V.
256 2593 317 2631 39.
345 2606 451 2638 cura,
478 2607 590 2644 opus.

180 2657 228 2695 V.
256 2659 318 2696 41.
343 2658 463 2705 Cotta,
492 2658 610 2698 Cotta
635 2659 849 2707 Maximus,
869 2661 920 2700 ad
945 2673 1065 2711 quem
1090 2660 1240 2712 scripta.
1266 2664 1326 2700 est
1352 2672 1473 2711 supra
1500 2658 1532 2697 I.
1561 2661 1611 2703 5.,

126 2721 198 2761 ubi
216 2723 266 2761 cf.
286 2723 379 2762 adn.
402 2746 446 2752 —
462 2723 667 2764 Pieridum
685 2725 830 2772 lumen,
849 2729 970 2777 poeta
988 2726 1216 2776 praeclarus;
1236 2725 1286 2764 cf.
1301 2725 1352 2764 ad
1373 2724 1404 2763 I.
1426 2727 1461 2770 5,
1482 2724 1543 2762 58.
1566 2744 1610 2750 —-
