1990 3271
1515 330 1560 364 33

79 456 224 496 Tiberii
248 455 531 506 triumphalem
556 453 867 493 comitabantur.
897 476 938 480 —
968 453 1169 499 vobiscum,
1194 466 1273 491 una
1298 467 1390 492 cum
1413 453 1560 492 Messa-

77 521 171 567 lino,
197 520 264 570 qui
290 519 392 558 bello
417 519 576 570 Illyrico
599 518 794 563 interfuit,
820 524 858 556 et
883 531 974 556 cum
998 518 1137 556 ceteris
1161 517 1299 568 legatis
1324 518 1485 564 Tiberii3
1510 519 1560 557 cf.

73 585 183 626 Suet.
215 585 301 623 Tib.
333 586 397 623 20:
426 583 656 634 «(Tiberius)
688 582 938 632 triumphum
969 582 1048 632 egit
1079 582 1411 632 prosequentibus
1441 583 1564 621 etiam

76 649 230 700 legatis,
275 649 420 699 quibus
462 647 721 698 triumphalia
764 650 1000 685 ornamenta
1041 646 1304 696 impetrarat».
1352 669 1393 674 —
1438 646 1562 686 nomi-

77 714 264 766 nibusque
305 713 418 758 datis,
459 712 620 751 nomine
661 711 835 757 Caesaris,
878 711 985 761 quod
1026 715 1263 761 acceperunt
1305 711 1563 750 Germanicus

78 782 117 817 et
147 778 312 822 Drusus,
343 790 434 816 cum
463 776 642 814 Tiberius
672 776 722 814 ab
752 776 932 825 Augusto
962 775 1180 826 adoptatus
1208 779 1323 814 esset.

127 843 174 882 V.
210 842 374 881 85-86.
410 841 614 880 Fratribus
646 840 857 886 adsimiles,
893 840 1106 886 Dioscuris,
1139 840 1292 879 Castori
1325 844 1365 879 et
1398 839 1562 886 Polluci,

76 907 151 946 diis
174 906 428 945 iuvenilibus.
458 929 500 933 —
528 919 620 958 quos
645 906 820 958 proxima
847 905 987 956 templa
1012 905 1172 944 tenentis
1196 905 1323 944 Divus
1348 905 1394 944 ab
1418 905 1564 944 excelsa

75 971 207 1011 Iulius
243 972 319 1010 aede
355 971 464 1016 videt,
502 972 706 1020 Augustus
742 971 867 1008 aedem
903 969 1105 1009 dedicavit
1143 970 1247 1008 Divo
1283 969 1384 1008 Iulio
1421 968 1563 1009 Caesari

75 1035 263 1076 dictatori
290 1037 331 1073 in
359 1036 445 1074 foro
474 1048 537 1073 an.
568 1048 605 1073 a.
638 1035 725 1074 Chr.
756 1048 794 1073 n.
824 1036 885 1073 29.
916 1034 1094 1072 Tiberius
1123 1039 1259 1073 autem
1286 1034 1326 1072 in
1353 1034 1564 1074 vicinitate

74 1100 192 1140 huius
226 1100 366 1150 templi
401 1100 602 1138 dedicavit
637 1100 761 1138 aedem
796 1099 970 1139 Castoris
1004 1104 1041 1137 et
1077 1099 1247 1138 Pollucis
1281 1100 1329 1137 de
1362 1099 1562 1138 manubiis

75 1165 168 1204 belli
189 1165 409 1203 Pannonici
431 1170 469 1203 et
494 1164 639 1215 Illyrici
661 1178 726 1203 an.
750 1166 809 1203 13.
831 1178 870 1214 p.
895 1163 982 1203 Chr.
1005 1177 1061 1209 n.;
1084 1165 1133 1202 cf.
1154 1164 1264 1203 Suet.
1288 1164 1373 1202 Tib.
1396 1166 1457 1203 20.

126 1230 174 1269 V.
209 1231 270 1269 87.
303 1230 395 1275 His,
431 1229 665 1269 Germanico
699 1233 737 1267 et
773 1229 914 1267 Druso.

127 1295 175 1333 V.
206 1295 267 1332 91.
296 1294 414 1333 Hanc
442 1294 530 1332 colei
560 1299 646 1332 ame
675 1294 787 1339 diem,
818 1306 930 1345 quam
961 1307 1034 1345 qua
1065 1296 1154 1338 etc„
1184 1293 1286 1332 hanc
1319 1293 1424 1331 diem
1454 1292 1494 1343 (i.
1526 1305 1558 1331 e.

77 1358 183 1398 diem
212 1358 407 1409 triumphi
439 1358 598 1408 Tiberii)
632 1363 725 1397 ante
758 1358 797 1408 (i.
830 1371 861 1396 e.
894 1358 1034 1408 magis)
1067 1358 1281 1396 celebrabit
1312 1357 1559 1403 Messalinus,

73 1436 197 1474 quam
218 1423 341 1469 illam,
365 1436 444 1473 qua
466 1422 550 1474 ipse
572 1423 707 1462 laurea
731 1428 896 1462 ornatus
919 1426 978 1461 est
1004 1446 1047 1450 -
1076 1423 1190 1462 Venit
1211 1423 1406 1462 honoratis
1428 1422 1560 1461 laurea

71 1488 187 1540 diqna
208 1488 338 1533 comis,
359 1487 592 1526 Messalinus
623 1488 725 1527 bello
748 1487 908 1538 Illyrico
928 1487 1186 1538 triumphalia
1207 1487 1375 1538 insignia
1396 1487 1558 1532 meruit;

74 1553 125 1592 cf.
160 1553 259 1591 Vell.
296 1552 385 1590 Pat.
424 1552 477 1591 ΙΙ.
515 1555 603 1591 112:
638 1553 919 1603 «(Messalinus)
956 1552 1192 1603 praepositus
1230 1552 1388 1603 Illyrico
1423 1552 1560 1590 subita

72 1617 286 1656 rebellione
322 1630 414 1656 cum
450 1617 665 1668 semiplena
704 1617 856 1667 legione
891 1617 1079 1656 vicesima
1117 1617 1386 1656 circumdatus
1422 1615 1559 1656 hostili

73 1682 262 1728 exercitu,
305 1682 474 1732 amplius
525 1682 669 1731 viginti
704 1682 812 1720 milia
862 1682 1041 1720 hostium
1080 1682 1185 1720 fudit
1227 1681 1475 1732 fugavitque,
1518 1684 1559 1720 et

73 1747 125 1785 ob
157 1746 199 1785 id
233 1746 477 1785 ornamentis
511 1747 821 1797 triumphalibus
854 1747 1074 1785 honoratus
1109 1752 1196 1785 est».

122 1811 171 1849 V.
199 1812 260 1849 95.
289 1812 541 1857 Sauromatae,
569 1811 652 1850 sive
675 1812 884 1857 Sarmatae;
912 1812 961 1850 cf.
990 1811 1041 1849 ad
1069 1811 1186 1849 Trist.
1216 1812 1247 1849 I.
1276 1813 1312 1857 2,
1341 1813 1401 1850 82.

122 1875 171 1914 V.
190 1876 354 1915 97-98.
373 1875 484 1921 istuc,
502 1876 692 1922 Romam3
711 1877 760 1915 cf.
781 1877 832 1914 ad
851 1876 967 1914 Trist.
989 1876 1065 1914 ΠΙ.
1085 1877 1120 1921 3,
1140 1878 1201 1914 25.
1225 1899 1267 1903 —
1287 1876 1470 1914 mutando
1490 1906 1497 1912 .
1518 1906 1525 1913 .
1546 1905 1555 1914 .

74 1940 165 1986 loco,
189 1940 365 1986 dativus3
388 1942 437 1979 cf.
461 1954 578 1991 supra
602 1941 652 1979 ad
676 1941 707 1979 I.
732 1944 766 1986 1,
790 1943 850 1980 79.
877 1964 920 1968 —
944 1941 1096 1986 blanda,
1119 1941 1271 1979 favens.

121 2005 169 2043 V.
199 2005 389 2044 99—100.
420 2010 527 2057 pater
558 2005 618 2044 ille
647 2010 750 2051 tuus,
780 2005 962 2044 Messalla
993 2005 1197 2044 Corvinus.
1231 2029 1274 2032 —
1305 2005 1431 2057 primo
1462 2003 1558 2043 mihi

71 2069 195 2108 cultus
218 2069 264 2108 ab
288 2083 378 2115 oevo,
403 2071 453 2109 cf.
478 2083 597 2121 supra
622 2071 673 2108 ad
698 2071 729 2109 Ι.
755 2073 790 2116 7,
815 2072 978 2110 27-28.
1007 2093 1050 2097 —
1075 2070 1210 2109 umbra
1233 2070 1385 2116 diserta,
1410 2070 1555 2108 umbra.

72 2133 237 2184 (anima)
266 2134 342 2172 viri
371 2135 609 2185 eloquentis;
638 2136 688 2174 cf.
717 2148 835 2186 supra
865 2135 916 2173 ad
943 2148 1002 2173 vs.
1033 2137 1093 2173 51.

120 2198 168 2238 V.
193 2200 280 2238 101.
302 2199 430 2248 frater,
457 2200 573 2239 Cotta
596 2200 810 2246 Maximus,
834 2200 885 2238 ad
908 2213 1029 2250 quem
1050 2200 1198 2251 scripta
1222 2204 1281 2238 est
1304 2212 1424 2250 supra
1447 2199 1478 2237 Ι.
1505 2201 1554 2245 5.‚

69 2262 139 2302 ubi
167 2263 217 2302 cf.
247 2263 339 2302 adn.

119 2327 168 2367 V.
197 2329 284 2366 104.
312 2329 357 2367 in
384 2329 502 2367 turboe
528 2334 690 2381 parte..
711 2360 719 2367 .
737 2334 825 2375 tuoe,
852 2329 894 2367 in
921 2342 1088 2368 numero
1116 2329 1348 2369 amicorum.

118 2392 167 2431 V.
201 2394 287 2432 107.
322 2393 495 2440 Artibus,
527 2407 580 2433 sc.
615 2395 712 2433 Arte
743 2394 963 2433 Amatoria..

120 2457 168 2496 V.
194 2459 408 2497 111—112.
422 2471 579 2505 numen,
595 2459 810 2510 Augustus.
829 2482 873 2486 —
887 2459 1069 2510 Scythici,
1083 2460 1133 2498 ef.
1149 2459 1200 2497 ad
1215 2459 1331 2498 Trist.
1348 2459 1425 2497 ΙΠ.
1439 2461 1476 2504 4,
1489 2458 1553 2496 46.

118 2521 167 2560 V.
212 2523 425 2561 115—116.
471 2524 655 2563 Aetnaeus
674 2555 681 2561 .
702 2554 709 2561 .
731 2524 1028 2575 .Polyphemus,
1073 2524 1241 2575 Cyclops
1284 2537 1333 2562 ex
1376 2523 1555 2573 Odyssea

67 2588 201 2632 notus,
230 2586 273 2624 in
303 2591 419 2626 antro
449 2589 600 2634 Aetnae,
632 2589 780 2627 montis
808 2589 961 2635 Siciliae,
991 2588 1195 2627 habitans.
1230 2612 1273 2617 —
1307 2588 1552 2640 AntiphateS,

67 2662 141 2689 rex
167 2651 472 2702 Laestrygonum
501 2653 935 2704 anthropophagorum,
965 2666 1015 2692 ex
1043 2653 1220 2704 Odyssea
1248 2657 1381 2692 notus.

118 2715 166 2754 V.
195 2717 280 2755 117.
307 2716 520 2769 facilisque,
548 2718 732 2757 clemens.

118 2779 166 2819 V.
211 2781 296 2819 124.
340 2781 438 2828 deos,
483 2782 664 2821 Caesares.

136 2873 313 2909 Ne'methy:
332 2877 378 2902 Ad
401 2876 505 2904 Ovidii
524 2878 695 2910 Epistulas
714 2885 758 2905 ex
775 2877 884 2904 Ponto.
1387 2865 1408 2899 3
