1990 3271
1512 347 1557 380 27

125 456 172 494 V.
198 458 259 495 40.
286 455 495 507 inqenium,
523 458 654 497 Celsus
680 465 795 510 poeta
823 462 944 500 fuisso
968 462 1143 510 videtum
1169 467 1218 503 cf.
1245 467 1294 504 ad
1321 467 1437 506 Trist.
1464 468 1496 507 I.
1523 472 1559 516 5,

75 522 238 560 57—58.

123 585 170 623 V.
205 587 266 623 42.
300 585 478 635 juqerem,
512 587 552 625 in
586 588 749 627 exilium
782 589 892 628 irem.

123 649 170 688 V.
197 653 258 687 45.
285 651 442 697 Geticis,
469 654 518 690 cf.
546 653 596 690 ad
623 653 739 691 Trist.
768 654 844 692 III.
871 656 906 700 3,
934 656 969 693 6.

122 713 169 752 V.
204 717 265 753 47.
298 728 434 765 unqere
467 730 617 768 corpus,
652 718 805 768 antiqui
851 733 1015 770 corpora
1052 726 1301 762 mortuorum
1346 726 1559 775 unguentis

70 778 397 817 suaveolentibus
430 794 576 830 ungero
608 782 803 820 s‹.›lebant.

120 843 167 881 V.
192 845 252 882 49.
278 858 346 895 pro
368 845 527 884 numine
551 846 660 884 vivus
682 847 853 893 habebas,
878 850 928 887 cf.
954 863 1071 900 supra
1097 852 1146 889 ad
1172 853 1204 890 Ι.
1231 855 1266 898 2,
1292 855 1504 895 149-150.

118 907 166 946 V.
202 909 262 946 52.
294 921 458 955 amoma,
491 912 542 948 cf.
576 924 695 962 supra
727 912 777 950 ad
807 926 867 951 vs.
899 916 961 953 47.
994 920 1033 953 et
1065 916 1204 955 Iuven.
1235 918 1317 957 sat.
1352 919 1419 958 IV.
1453 923 1556 960 108:

65 982 256 1017 «amomo,
279 973 484 1020 Quantum
503 974 573 1013 vix
592 976 771 1015 redolent
792 977 871 1015 tria
895 980 1049 1017 funera»
1069 984 1107 1018 et
1128 982 1178 1019 ad
1200 981 1317 1021 Trist.
1339 984 1416 1022 ΙΙΙ.
1437 987 1472 1031 3,
1494 987 1557 1024 69.

118 1036 165 1075 V.
195 1040 254 1075 54.
284 1038 411 1076 vicina
435 1069 442 1076 .
465 1069 472 1076 .
494 1040 646 1085 .humo,
675 1040 714 1078 in
743 1042 972 1082 suburbano
1001 1044 1152 1091 Romae,
1181 1047 1249 1085 ubi
1277 1049 1430 1099 sepeliri
1458 1051 1554 1089 sole-

66 1100 166 1138 bant
188 1102 376 1148 Rom-dnh
400 1106 449 1142 cf.
474 1105 523 1142 ad
548 1105 665 1143 Trist.
691 1106 766 1144 ΙΙΙ.
790 1108 827 1152 3,
850 1110 910 1147 70.

116 1165 164 1204 V.
186 1167 246 1204 56.
267 1167 317 1205 Et
336 1181 405 1206 nos
425 1169 600 1208 extinctis
620 1171 870 1210 adnzcmerme
890 1177 1021 1224 potest,
1044 1176 1094 1213 ef.
1117 1176 1167 1214 ad
1190 1176 1307 1215 Trist.
1330 1178 1361 1216 Ι.
1384 1181 1418 1225 1,
1439 1181 1499 1219 27.

628 1346 714 1386 ΜΖ).
739 1347 777 1386 Ι.
807 1348 893 1400 ele9.
917 1350 981 1389 10.

639 1447 713 1491 Ad
743 1448 974 1493 Flaccum.

113 1552 157 1591 L.
203 1553 446 1605 Pomponius
489 1556 666 1604 Flaccus,
712 1560 862 1599 amicus
907 1562 1057 1608 Ovidii,
1103 1563 1258 1603 Tiberio
1302 1565 1549 1614 gratissimus

64 1617 129 1668 (cf.
151 1618 220 1657 IV.
241 1620 276 1665 9,
297 1620 492 1672 67—70.),
514 1622 638 1661 frater
657 1624 697 1663 C.
717 1624 928 1676 Pomponii
947 1627 1113 1667 Graecini
1135 1629 1199 1678 (ef.
1219 1642 1337 1680 supra
1358 1631 1409 1669 ad
1428 1631 1460 1670 Ι.
1480 1634 1548 1684 6.),

61 1682 198 1721 consul
224 1683 300 1722 fuit
326 1697 390 1723 an.
418 1687 478 1725 17.
505 1700 544 1737 p.
573 1687 661 1726 Chr.
687 1702 726 1727 n.

111 1746 159 1786 V.
189 1748 224 1785 6.
254 1750 399 1800 perayit
425 1750 531 1790 soliti
558 1766 653 1791 vena
681 1754 821 1793 tenoris
848 1755 932 1801 iter,
961 1756 987 1794 i.
1017 1770 1049 1795 e.
1078 1758 1216 1808 pulsus
1243 1772 1438 1799 venarum
1464 1774 1546 1800 non

59 1814 120 1849 est
147 1812 346 1852 turbatus.

111 1876 158 1915 V.
179 1878 214 1915 9.
235 1878 378 1924 educat,
402 1880 452 1918 ef.
473 1893 592 1931 supra
612 1883 662 1920 ad
683 1883 714 1921 Ι.
735 1885 770 1929 3,
791 1886 851 1922 51.

110 1940 158 1979 V.
184 1943 244 1980 12.
269 1942 444 1990 Iuventa,
469 1945 584 1984 Hebe
608 1947 847 1995 Graecorum,
874 1949 959 1996 dea,
985 1963 1071 2001 quae
1095 1951 1136 1990 in
1160 1953 1355 1992 conviviis
1380 1955 1544 1994 deorum

58 2003 286 2045 minist-rare
313 2008 426 2046 solet.

107 2069 157 2109 V.
182 2072 243 2109 22.
267 2085 404 2124 corpus
425 2073 555 2120 inane,
578 2089 659 2115 non
681 2077 781 2116 bene
802 2082 976 2129 pastum.

108 2134 156 2174 V.
177 2136 239 2174 29.
259 2136 388 2188 Isyaeo,
408 2138 520 2186 vino;
541 2140 684 2191 Lyaeus
705 2145 764 2180 est
784 2156 1004 2193 cognomen
1025 2145 1173 2185 Bacchi
1199 2160 1313 2187 ouras
1337 2148 1542 2189 solventis.

106 2198 154 2238 V.
177 2201 239 2239 32.
262 2202 415 2249 Geticis,
439 2204 490 2242 cf.
514 2205 565 2243 ad
589 2205 706 2244 Trist.
731 2207 807 2245 ΙΙΙ.
831 2209 866 2254 3,
890 2209 926 2247 6.

105 2263 154 2303 V.
180 2266 241 2304 35.
272 2266 400 2314 Unda,
426 2269 476 2307 cf.
503 2270 553 2307 ad
579 2270 696 2309 Trist.
723 2271 800 2310 ΠΙ.
826 2274 862 2319 3,
889 2276 924 2313 7.

105 2328 152 2368 V.
183 2330 244 2370 37.
273 2330 405 2380 fratre,
437 2333 652 2382 Graecinus,
683 2337 734 2374 ad
764 2350 883 2387 quem
912 2339 1062 2390 scripta
1091 2344 1150 2379 esfi
1179 2355 1300 2393 supra
1329 2342 1362 2382 Ι.
1393 2344 1443 2390 6.,
1472 2343 1542 2383 ubi

53 2392 105 2432 cf.
134 2394 226 2432 adn.

103 2457 152 2497 V.
180 2460 242 2498 39.
269 2460 380 2508 dura,
409 2463 590 2502 crudelis.

57 2525 61 2528 ”
103 2521 152 2562 V.
176 2524 238 2562 41.
263 2525 427 2573 minuat,
451 2541 531 2567 non
553 2528 667 2580 finiat
688 2529 803 2577 iram,
828 2532 878 2570 ef.
904 2545 1024 2584 supra
1049 2535 1099 2573 ad
1124 2535 1157 2574 I.
1184 2538 1219 2583 1,
1245 2537 1409 2577 79-80.
