1990 3271
382 247 426 281 6⁴.)

432 369 478 407 Υ.
508 370 569 406 26.
596 367 738 410 clun-ta,
765 365 948 415 epistula.

432 432 478 470 Υ.
507 432 670 471 27-28.
701 429 854 475 iacenti,
884 428 1046 479 afslicto;
1077 429 1128 466 cf.
1158 427 1209 466 ad
1240 427 1294 466 II.
1323 429 1360 474 9,
1389 430 1426 466 4.
1459 450 1502 455 —
1531 427 1665 475 verbis,
1695 441 1749 468 sc.
1778 441 1861 467 ma·

382 495 528 535 ledicis.

430 561 477 599 V.
507 562 568 599 29.
594 559 630 599 si
653 559 809 608 fortuna
834 558 990 603 recedat,
1017 570 1070 596 sc.
1098 570 1121 596 a
1146 562 1199 596 te.

431 625 477 663 V.
507 626 568 663 31.
600 625 682 663 dea.
714 636 767 661 sc.
799 623 991 661 Fortuna.
1027 645 1069 649 —
1101 635 1181 660 ‘non
1209 622 1424 660 stabili...
1449 622 1546 668 orbe,
1578 623 1627 661 cf.
1659 622 1711 661 ad
1741 622 1861 661 Trist.

384 690 432 728 V.
456 691 491 735 8,
516 692 627 729 7-3.

431 754 477 792 V.
507 756 668 793 37—33.
689 752 824 796 Croesi,
846 751 946 802 regis
967 751 1105 802 Lydiae
1127 751 1278 790 divitiis
1300 751 1407 790 clari.
1433 774 1476 779 —
1499 752 1545 790 ab
1565 752 1678 798 hoste,
1701 764 1724 790 a
1745 751 1863 803 Cyro,

381 831 470 868 rege
496 819 717 856 Persarum.

397 928 400 931 ¹
430 883 476 921 V.
506 884 567 921 39.
601 881 891 932 Syracosia...
917 880 1146 930 formidatus
1178 880 1223 919 in
1254 881 1357 926 urbe,
1393 881 1608 931 Dionysius
1643 881 1713 928 IL,
1744 881 1861 932 Syra-

379 960 563 987 cusarum
580 952 789 997 tyrannus,
804 959 825 984 a
845 946 1091 985 Timoleonte
1105 959 1169 983 an.
1188 946 1278 984 343.
1294 958 1329 983 a.
1349 945 1438 984 Chr.
1455 959 1495 984 n.
1514 946 1663 997 pulsus,
1682 945 1863 985 Corinthi

380 1012 656 1062 ludimagister
684 1012 814 1050 factus
843 1015 915 1049 est.
948 1033 990 1038 —
1021 1010 1161 1048 humili
1181 1041 1188 1048 .
1209 1041 1216 1048 .
1238 1015 1354 1056 stite,
1383 1010 1709 1060 ludimagisterio.

430 1077 477 1115 Υ.
506 1078 671 1115 41—42.
698 1076 853 1127 Mczqni,
881 1075 1045 1125 Pompei
1072 1075 1220 1123 Magni.
1252 1097 1294 1102 —
1323 1075 1473 1114 clientis
1499 1088 1620 1127 opem,
1648 1075 1863 1126 Pompeius

379 1155 403 1180 a
427 1141 577 1180 Caesare
601 1142 651 1180 ad
677 1141 913 1179 Pharsalum
938 1141 1119 1179 devictus
1143 1153 1184 1178 in
1209 1141 1440 1191 Aegyptum
1463 1140 1644 1190 confugit
1668 1139 1865 1178 auxilium

378 1206 662 1257 imploraturus
710 1205 812 1256 regis
855 1205 1059 1244 Ptoleinaei
1097 1205 1209 1250 XII„
1247 1205 1358 1244 cuius
1395 1208 1564 1255 patrem,
1602 1204 1865 1244 Ptolemaeum

384 1271 566 1316 Auleten,
594 1271 688 1309 oliui
715 1271 755 1308 in
782 1284 948 1321 regnum
976 1270 1147 1321 Aegypti
1175 1270 1402 1308 reduxerat.

431 1335 477 1374 Υ.
507 1337 670 1374 43—44.
701 1335 848 1387 Cuique
880 1335 961 1374 viro
992 1340 1089 1374 totus
1120 1339 1308 1374 terrarum
1337 1334 1470 1386 paruit
1501 1334 1615 1380 orbis,
1647 1334 1771 1373 etiam
1799 1334 1870 1374 hjo·

382 1413 517 1439 versus
543 1401 593 1438 ad
621 1401 856 1451 Pompeium
882 1400 1108 1438 referendus
1135 1412 1217 1439 esse
1243 1399 1416 1438 videtur.
1449 1422 1491 1426 —
1520 1399 1684 1451 Indiyus
1709 1399 1866 1449 effectus

382 1465 558 1505 omnibus
600 1465 683 1517 ipsc
727 1465 858 1515 maqis,
902 1478 1037 1503 versus
1080 1464 1250 1515 spurius,
1293 1477 1413 1514 quem
1455 1464 1668 1503 deteriores
1710 1463 1864 1503 codices

381 1530 548 1575 habent;
573 1530 613 1568 in
641 1530 752 1569 bonis
779 1529 979 1569 codicibus
1006 1543 1064 1568 vs.
1091 1532 1152 1567 44.
1179 1529 1439 1568 desideratur.
1466 1529 1542 1567 Hic
1569 1534 1653 1567 erat
1679 1529 1864 1579 probabi—

381 1594 471 1634 liter
495 1599 804 1633 commemorata
832 1595 973 1633 misera.
999 1608 1103 1633 mors
1129 1594 1307 1644 Pompei,
1333 1594 1400 1644 qui
1425 1594 1465 1632 in
1491 1594 1584 1632 litus
1611 1593 1861 1632 Alexandriae

382 1672 605 1710 egressurus
631 1660 781 1699 occisus
808 1664 866 1698 est
893 1673 915 1697 a¹
942 1660 1236 1709 percussoribus
1263 1659 1482 1709 Aegyptiis.

433 1724 478 1762 Υ.
508 1726 671 1763 45—46.
702 1725 773 1763 Ille
801 1724 1032 1775 quurlhino
1059 1724 1186 1763 clarus
1212 1723 1436 1775 Cimbroque
1465 1723 1672 1775 triumpho,
1701 1722 1864 1769 Marius,

382 1789 449 1839 qui
483 1789 629 1828 devicit
665 1789 914 1840 Iugurtham,
950 1789 1148 1827 Numidiae
1180 1802 1325 1839 regem,
1360 1788 1538 1828 Cimbros
1572 1788 1864 1838 Teutonesque‚

380 1858 516 1905 gentes
559 1854 819 1893 ferocissimas
864 1853 990 1892 Italiae
1030 1854 1298 1892 imminentes.
1346 1876 1387 1880 ——
1431 1853 1514 1903 Quo
1554 1853 1690 1892 victrix
1730 1852 1867 1892 totiens

382 1919 546 1964 consule,
574 1919 722 1957 Marius
749 1919 894 1969 septies
921 1919 1058 1957 consul
1086 1919 1175 1957 fuit.

432 1984 478 2022 Υ.
508 1985 569 2022 47.
597 1984 649 2022 In
675 1997 778 2023 caeno
805 1984 966 2022 Marius
1000 1983 1135 2029 iacuit,
1164 1983 1312 2022 Marius
1341 1997 1364 2022 a
1388 1983 1496 2023 Sulla
1526 1996 1576 2022 ex
1603 1983 1700 2021 urbe
1727 1982 1865 2033 pulsus

382 2051 423 2087 et
455 2054 723 2098 persecutores
768 2049 922 2098 fugiens
953 2049 993 2087 in
1027 2049 1240 2099 paludibus
1272 2048 1615 2087 Mintin'nensibus
1646 2060 1688 2086 se
1719 2047 1866 2086 abdere

381 2117 542 2153 coactus
564 2119 635 2151 est.
662 2137 703 2140 —
722 2114 886 2152 Pertulit
905 2118 937 2151 et
959 2118 1062 2152 tanto
1081 2114 1203 2152 multa
1222 2113 1403 2165 pudenda
1425 2113 1516 2152 viro.
1538 2114 1588 2152 cf.
1610 2113 1708 2151 Vell.
1730 2112 1864 2151 Pater.

382 2177 437 2217 II.
458 2180 518 2216 19:
535 2178 699 2217 «Marius
718 2183 807 2229 post
826 2183 984 2217 sextum
1003 2179 1258 2218 consulatum
1276 2191 1508 2228 annumque
1526 2177 1866 2228 septuagesimum

379 2243 510 2281 nudus
539 2256 583 2281 ac
613 2244 706 2281 limo
734 2245 915 2289 obrutus,
944 2244 1068 2283 oculis
1108 2243 1393 2283 tantummodo
1422 2256 1467 2282 ac
1495 2243 1658 2281 naribus
1687 2242 1866 2281 eminen-

380 2307 501 2353 tibus,
544 2313 748 2347 oxtractus
791 2309 1030 2347 arundineto
1072 2309 1172 2348 circa
1216 2309 1405 2358 paludem
1446 2308 1617 2353 Maricae,
1659 2307 1699 2345 in
1742 2319 1867 2357 quam

381 2385 422 2412 se
446 2373 598 2422 fugiens
623 2378 897 2412 consectantes
919 2374 1035 2414 Sullae
1059 2373 1212 2423 equites
1237 2373 1462 2419 abdiderat,
1486 2373 1633 2411 iniecto
1656 2372 1696 2411 in
1720 2372 1867 2411 collum

380 2437 463 2476 loro
497 2437 536 2475 in
574 2451 768 2477 carcerem
801 2439 1137 2477 Minturnensium
1168 2438 1278 2477 iussu
1309 2438 1511 2476 duumviri
1545 2438 1759 2488 perductus
1791 2440 1865 2476 est.

382 2502 445 2541 Ad
463 2516 581 2551 quem
599 2503 917 2542 interficiendum
935 2504 1077 2543 missus
1094 2517 1185 2543 cum
1201 2503 1332 2553 gladio
1349 2516 1486 2541 servus
1504 2503 1686 2553 publicus
1702 2501 1866 2541 natione

383 2566 617 2613 Germanus,
655 2569 723 2618 qui
761 2570 864 2607 sorte
901 2570 952 2608 ab
989 2569 1230 2619 imperatore
1267 2581 1312 2607 eo
1349 2568 1451 2606 bello
1489 2567 1686 2606 Cimbrico
1723 2570 1866 2617 captus

382 2636 480 2676 erat,
500 2636 544 2670 ut
563 2633 727 2681 agnovit
747 2634 931 2680 Marium,
951 2647 1095 2684 magno
1115 2633 1266 2672 eiulatu
1284 2633 1533 2683 exprimente
1550 2631 1867 2682 indignationem

381 2709 495 2736 casus
530 2697 632 2735 tanti
669 2698 757 2743 viri,
793 2698 948 2738 abiecto
978 2698 1111 2749 gladio
1144 2698 1321 2749 profugit
1356 2711 1376 2736 e
1409 2710 1576 2737 carcere.
1612 2697 1713 2735 Tum
1747 2696 1866 2743 cives,
