1990 3271
1527 323 1573 357 69

135 446 183 486 V.
211 447 274 485 49.
301 445 479 497 primi..
501 445 615 497 ,ρι’ῑτῗ,
643 444 760 496 primi
787 444 994 495 manipuli,
1022 457 1142 494 quem
1169 444 1285 483 duxit
1312 444 1496 484 Vestalis.
1526 467 1570 474 —

81 511 210 551 minor
235 510 381 557 ordine,
407 510 433 549 i.
462 523 495 549 e.
523 510 643 549 ceteri
670 509 863 560 manipuli
890 509 1028 548 ordine
1053 509 1237 548 minores.

134 576 182 615 V.
212 577 272 615 52.
298 576 481 627 Peyasus,
509 588 633 625 equus
661 574 806 613 alatus.

135 641 184 680 V.
214 642 274 680 53.
300 645 518 692 testataque,
542 653 661 678 sensu
684 639 860 690 passivo.

636 769 720 808 [ab.
747 769 822 810 JV.
848 767 958 821 epist.
983 769 1020 808 8.

658 856 732 900 Ad
764 856 997 901 Suillium.

132 965 176 1004 P.
208 964 381 1010 Suillius,
414 977 534 1014 gener
566 963 694 1002 tertiae
728 963 862 1003 Ovidii
896 963 1043 1009 uxoris,
1078 967 1162 1002 erat
1197 967 1370 1013 quaestor
1403 964 1564 1004 Caesaris

80 1029 306 1070 Germanici
338 1043 403 1067 an.
437 1030 600 1067 14—16.
634 1043 672 1080 p.
706 1029 794 1068 Chr.
825 1042 865 1067 n.
897 1028 937 1066 in
970 1028 1180 1067 Germania
1213 1028 1360 1067 bellum
1391 1028 1563 1079 gerentis

80 1096 148 1147 (cf.
179 1095 272 1134 Tac.
303 1095 406 1133 Ann.
438 1093 506 1132 IV.
536 1095 614 1143 31.)

61 1185 70 1195 .
130 1160 178 1199 V.
208 1162 244 1198 3.
270 1173 441 1211 superos,
469 1159 651 1198 Caesares.

131 1225 178 1264 V.
209 1227 268 1263 11.
303 1225 409 1262 Nam
441 1224 510 1262 tibi
541 1237 626 1276 quoe
657 1224 838 1269 coniunx,
871 1223 1003 1262 eadem
1035 1223 1133 1261 mihi
1165 1223 1248 1273 filia
1282 1236 1405 1274 poene,
1440 1223 1562 1262 tertia

78 1289 216 1330 Ovidii
234 1303 334 1328 uxor
350 1289 493 1328 habuit
511 1289 635 1327 filiam
653 1303 702 1328 ex
719 1288 974 1328 matrimonio
993 1288 1134 1339 priore,
1150 1301 1237 1338 quae
1254 1288 1391 1339 nupsit
1407 1288 1543 1328 Suillio
1550 1301 1560 1335 ;

75 1355 128 1394 cf.
155 1355 207 1394 ad
234 1354 353 1393 Trist.
381 1355 413 1393 I.
441 1356 477 1400 3,
503 1356 564 1393 97.

128 1420 175 1458 V.
206 1421 368 1458 13—14.
395 1419 536 1458 mltum
557 1451 564 1457 .
586 1450 593 1457 .
614 1450 622 1457 .
640 1419 762 1466 ducis,
787 1419 870 1458 sive
893 1418 1036 1464 trahi&
1061 1419 1112 1457 cf.
1137 1418 1188 1457 ad
1214 1418 1283 1456 IV.
1310 1420 1344 1464 1,
1370 1421 1404 1457 5.

128 1484 176 1523 V.
208 1487 268 1523 15.
295 1484 369 1530 hie,
396 1497 449 1523 sc.
474 1484 516 1522 in
542 1497 618 1523 me.

126 1549 175 1588 V.
207 1552 267 1590 17.
291 1549 432 1602 equites
453 1549 499 1588 ab
520 1549 665 1600 oriqine
686 1548 827 1601 prima,
850 1549 902 1587 cf.
925 1549 975 1587 ad
999 1548 1117 1587 Trist.
1142 1548 1210 1586 IV.
1236 1550 1295 1593 10,
1319 1549 1430 1587 7—8.

126 1614 174 1653 V.
203 1617 265 1654 20.
290 1615 481 1660 Errorem,
507 1615 558 1653 cf.
585 1614 637 1652 ad
664 1614 782 1652 Trist.
810 1614 843 1652 I.
871 1616 907 1660 2,
935 1615 996 1652 99.

125 1679 174 1718 V.
204 1681 266 1719 22.
291 1680 390 1726 deos,
417 1679 600 1718 Caesares.

126 1744 174 1783 V.
202 1746 264 1783 23.
290 1745 422 1784 Coesar
448 1744 612 1790 iuvenis,
642 1744 770 1783 Caesar
798 1744 1054 1783 Germanicus
1085 1743 1150 1794 (cf.
1180 1743 1231 1781 ad
1260 1742 1318 1781 ΙΙ.
1353 1743 1419 1793 1.),
1448 1743 1561 1782 cuius

75 1813 249 1859 quaestor
275 1813 360 1848 erat
385 1809 549 1849 Suillius
575 1809 616 1847 in
644 1809 871 1848 Germania.

126 1873 174 1912 V.
204 1876 266 1914 27.
287 1887 343 1920 ea,
364 1887 418 1913 sc.
440 1887 485 1913 ea
507 1887 588 1919 ara,
609 1874 646 1913 is
668 1874 779 1919 deus;
801 1874 941 1925 supple
962 1887 1013 1913 ex
1032 1887 1093 1912 vs.
1115 1875 1176 1912 24.

125 1938 173 1977 V.
203 1940 366 1978 31—32.
404 1939 486 1978 Nec
523 1939 592 1978 tibi
628 1939 670 1978 de
703 1939 825 1979 Pario
861 1943 1053 1978 statuam.
1074 1938 1310 1989 ..templum
1347 1938 1558 1984 Marmore,

73 2004 127 2043 cf.
156 2004 271 2054 Verg.
302 2004 370 2043 Ge.
401 2004 478 2042 III.
509 2005 571 2042 13:
605 2005 818 2055 «templum
847 2004 894 2043 de
922 2017 1118 2043 marmore
1146 2015 1322 2053 ponam».
1355 2026 1397 2029 —
1424 2002 1559 2049 Pario,

75 2067 212 2115 Paros,
233 2069 364 2108 insula.
385 2069 504 2108 maris
527 2069 670 2119 Aegaei,
692 2082 888 2108 marmore
922 2082 993 2108 suo
1015 2069 1133 2108 clara.
1160 2091 1202 2094 —
1228 2068 1356 2113 ruina,
1379 2068 1559 2114 exilium3

73 2133 128 2173 cf.
154 2134 206 2172 ad
231 2133 349 2172 Trist.
376 2134 429 2172 II.
455 2135 618 2172 83—86.

125 2198 173 2237 V.
202 2200 264 2237 33.
290 2199 437 2245 domus,
463 2202 614 2249 gentes,
639 2199 814 2237 familiae.
843 2221 886 2225 —
912 2199 1039 2244 beatae,
1065 2198 1225 2237 divites.

125 2263 172 2302 V.
202 2265 365 2302 39—40.
394 2277 478 2315 quoe
513 2264 556 2302 de
585 2277 702 2315 parva
732 2277 881 2315 pauper
908 2264 971 2302 dis
1000 2263 1093 2302 libat
1120 2276 1249 2302 acerra
1280 2263 1313 2301 Τ
1314 2275 1399 2308 ura,
1429 2263 1479 2301 cf.
1509 2261 1560 2301 ad

73 2327 196 2367 Trist.
226 2328 281 2367 Π.
309 2330 472 2368 75—76.
505 2352 547 2355 —
573 2329 711 2379 ῃναηᾱί
738 2342 854 2380 quam
880 2329 968 2367 data
998 2329 1116 2374 lance,
1144 2328 1277 2378 agitur
1305 2328 1353 2366 de
1379 2327 1491 2366 lance
1517 2326 1560 2365 in

70 2392 275 2432 sacrifieiis
300 2393 464 2439 usitata,
485 2407 572 2444 quae
591 2407 728 2445 magma
755 2397 936 2439 vocatur,
963 2393 1054 2443 quia
1081 2393 1262 2432 homines
1290 2392 1436 2430 divites
1461 2391 1558 2430 sole-

74 2457 173 2496 bant
200 2458 354 2508 magnis
395 2459 574 2498 lancibus
601 2459 677 2505 uti;
705 2460 755 2498 cf.
784 2459 889 2498 Pers.
915 2459 998 2498 Sat.
1027 2458 1082 2497 H.
1110 2460 1175 2497 71:
1199 2457 1322 2505 «Quin
1349 2458 1490 2495 damus
1517 2455 1558 2495 id

71 2522 244 2573 superis.
275 2523 323 2561 de
352 2537 497 2573 magna-
526 2525 633 2573 quod
664 2525 757 2562 dare
785 2524 897 2562 lance
928 2524 1017 2563 Non
1047 2523 1171 2573 possit-
1202 2522 1336 2572 magni
1366 2521 1559 2560 Messallae

75 2587 187 2638 lippa
210 2590 428 2638 propago?»

126 2652 174 2691 V.
203 2654 367 2692 41—42.
405 2653 576 2704 fiamine
616 2659 729 2705 pasta
772 2654 928 2692 Falisco
972 2653 1153 2697 Victima,
1195 2657 1333 2690 taurus
1375 2665 1424 2689 ex
1463 2663 1558 2701 agro

73 2715 335 2763 Faleriorum;
367 2719 416 2756 οἱ.
448 2719 499 2756 3(1
532 2719 601 2757 IV.
633 2721 670 2764 4,
702 2720 763 2757 32.
793 2741 835 2746 —-
871 2718 1114 2769 Tarpeios..
1135 2748 1143 2755 .
1160 2717 1274 2766 socos,
1306 2729 1418 2754 aram
1449 2714 1559 2754 Iovis

74 2781 309 2833 Capitolini;
335 2783 385 2821 cf.
412 2783 463 2821 ad
490 2783 544 2822 Π.
571 2785 606 2829 1,
633 2786 692 2823 57.
