1990 3271
1541 299 1585 333 63

100 427 154 467 ab
189 425 304 464 hoste
341 423 516 463 misereri
554 423 673 474 paulo
711 426 807 461 ante
844 421 1032 473 principis
1070 421 1146 460 viri
1184 421 1306 468 docti,
1344 422 1587 461 instructum

99 504 194 532 cum
219 489 367 528 viatico
403 489 643 538 conlataque
669 491 782 526 veste
807 487 849 525 in
874 499 1022 526 navem
1047 487 1341 537 imposuerunt,
1368 491 1412 525 at
1437 486 1501 525 ille
1520 517 1528 524 .
1549 517 1557 524 .
1577 516 1586 525 .

100 556 143 596 in
165 554 342 594 Africam
363 553 509 592 direxit
531 553 772 604 inopemque
794 552 923 590 vitam
944 551 986 590 in
1009 551 1169 602 tugurio
1192 551 1399 590 ruinarum
1422 551 1587 590 Cartha-

101 619 340 673 giniensium
367 618 584 658 toleravit».

153 685 201 724 V.
230 686 291 724 52.
319 684 432 731 Getoe,
459 684 510 723 cf.
537 683 588 721 ad
616 682 736 721 Trist.
764 681 842 720 III.
871 683 907 727 3,
935 682 972 720 6.

152 750 201 789 V.
231 751 393 788 53—54.
419 751 623 800 purgantes
647 752 799 799 pectora
822 759 945 792 sucos,
970 746 1135 785 insaniae
1160 745 1514 785 medicamentum.
1545 767 1588 772 —-

102 819 263 868 pectora,
290 818 480 852 mentem.
511 835 554 840 —
580 812 627 851 in
651 817 726 851 tota
745 843 753 850 .
774 843 782 850 .
803 842 811 850 .
831 811 1035 862 Anticyra,
1062 811 1157 850 urbs
1184 810 1383 857 Phocidis,
1410 810 1451 848 in
1478 810 1590 849 cuius

103 879 261 931 regione
289 879 530 918 nascebatur
560 877 791 922 elleborum,
821 876 985 915 insaniae
1016 876 1373 921 medicamentmn;
1405 875 1457 914 cf.
1489 875 1590 914 Hor.

102 945 187 986 Sat.
209 943 264 983 II.
285 945 321 989 3,
343 945 406 982 83:
425 942 584 982 «Nescio
604 955 656 981 an
678 942 914 992 Anticyram
934 941 1037 980 ratio
1057 941 1133 979 illis
1154 940 1329 979 destinet
1351 952 1539 980 omnem».

154 1009 202 1048 V.
232 1010 293 1048 56.
318 1009 391 1054 dei,
418 1008 601 1059 Augusti.

154 1073 202 1112 V.
232 1075 293 1113 58.
318 1073 426 1112 Dum
451 1073 625 1125 loqueris,
652 1074 702 1111 cf.
728 1072 827 1111 Hor.
854 1071 983 1110 Carm.
1012 1071 1043 1109 I.
1072 1072 1132 1116 11,
1159 1072 1198 1110 7:
1223 1071 1350 1109 «Dum
1374 1069 1590 1120 loquimur,

107 1139 252 1190 fugerit
274 1138 412 1177 invida
437 1139 587 1177 Aetas».

658 1314 743 1353 [Ab.
769 1313 846 1354 IV.
871 1313 983 1365 epist.
1010 1313 1048 1352 4.

545 1414 618 1457 Ad
651 1413 853 1457 Sextum
883 1412 1166 1469 Pompeium.

157 1526 220 1565 Ad
245 1526 418 1565 eundem
442 1538 562 1576 supra
589 1525 660 1563 IV.
688 1527 738 1571 1.‚
764 1524 833 1563 ubi
858 1525 908 1563 cf.
936 1524 1029 1563 adn.

157 1590 206 1630 V.
236 1593 270 1630 1.
298 1590 545 1636 australibus,
573 1603 595 1628 a
623 1590 787 1629 meridie
814 1589 1081 1628 venientibus,

157 1655 206 1694 V.
235 1657 270 1694 8.
296 1656 417 1694 Getici
441 1655 577 1701 litoris,
601 1655 728 1694 litoris
752 1654 874 1693 maris
897 1654 1063 1699 Euxini:
1089 1654 1140 1692 cf.
1166 1653 1217 1691 ad
1243 1653 1362 1691 Trist.
1389 1651 1467 1690 ΙΠ.
1494 1652 1530 1697 3,
1556 1652 1593 1689 6.

158 1720 207 1759 V.
235 1722 271 1760 9.
294 1721 441 1759 vultum
461 1720 692 1769 diffundere,
714 1733 831 1770 rugas
853 1719 995 1758 frontis
1018 1718 1229 1769 explicare,
1251 1717 1400 1756 laetitiae
1421 1716 1593 1766 signum.

158 1785 207 1824 V.
237 1787 297 1824 11.
335 1798 422 1824 cum
457 1785 564 1834 fulva
601 1785 792 1836 spatiarer
828 1784 932 1823 solus
970 1784 1126 1828 harena,
1164 1783 1207 1820 in
1244 1782 1361 1821 litore
1398 1782 1594 1820 harenoso

113 1849 235 1890 Ponti
261 1850 424 1888 Euxini.

157 1915 212 1953 V.
242 1916 302 1953 16.
333 1915 473 1960 Fama,
503 1915 574 1953 dea
603 1914 725 1953 alata.

157 1980 205 2018 V.
235 1981 396 2019 17—18.
434 1979 599 2019 Consule
633 1979 906 2031 Pompeio...
937 1991 1066 2017 annus
1103 1977 1185 2022 erit,
1225 1976 1373 2027 scripta
1413 1979 1473 2014 est
1510 1974 1595 2013 haec

109 2045 280 2096 epistula
302 2045 377 2083 sub
398 2044 519 2083 finem
540 2057 604 2082 an.
629 2046 688 2083 13.
712 2058 750 2094 p.
774 2044 862 2083 Chr.
885 2057 939 2089 n..
962 2056 1053 2082 cum
1074 2042 1288 2092 Pompeius
1311 2040 1447 2080 consul
1469 2039 1594 2089 desig-

108 2114 229 2149 natus
262 2113 380 2155 esset;
413 2109 667 2148 consulatum
698 2109 820 2159 gessit
852 2122 917 2147 an.
953 2110 1027 2152 14„
1061 2120 1140 2157 quo
1174 2108 1379 2156 Augustus
1412 2108 1595 2143 mortuus

105 2178 179 2215 ost.
208 2197 251 2202 —
275 2174 477 2214 Candidus
499 2178 533 2213 et
555 2174 649 2224 felia·
671 2174 872 2225 proximus
895 2186 1028 2212 annus
1052 2172 1134 2218 erit,
1155 2173 1205 2210 cf.
1227 2171 1370 2209 Tibull.
1393 2169 1447 2208 II.
1475 2173 1509 2215 5,
1529 2170 1594 2207 82:

105 2239 266 2280 «Omine
290 2252 368 2289 quo
392 2239 489 2278 felix
513 2242 552 2278 et
576 2252 687 2278 sacer
711 2251 839 2277 annus
859 2238 960 2277 erit».
986 2260 1029 2264 —
1047 2237 1263 2282 Candidus,
1283 2236 1440 2280 beatus,
1465 2234 1594 2272 laetus.

159 2305 208 2343 V.
236 2306 400 2343 23—24.
428 2304 694 2355 Iane-biceps,
722 2303 866 2342 mensis
895 2302 1104 2342 Ianuarius
1131 2314 1242 2340 sacer
1268 2304 1353 2339 erat
1382 2299 1494 2344 Iano,
1522 2299 1597 2337 deo

108 2369 310 2421 duplicem
348 2369 492 2408 faciem
530 2369 709 2408 habenti.
754 2391 797 2396 —-
838 2367 1063 2407 reseraveris
1101 2379 1264 2411 annum,
1306 2379 1359 2404 sc.
1402 2363 1597 2402 Kalendis

110 2434 321 2474 Ianuariis.
349 2457 392 2460 —
417 2434 654 2480 reseraveris,
679 2435 730 2473 cf.
755 2433 931 2472 Macrob.
958 2433 990 2471 Ι.
1015 2434 1052 2478 9,
1077 2434 1116 2471 7:
1139 2431 1279 2470 «Ianus
1300 2461 1308 2468 .
1329 2461 1336 2468 .
1357 2461 1364 2468 .
1383 2442 1475 2468 cum
1498 2427 1598 2467 cla-m]

108 2503 152 2539 et
172 2499 285 2549 virga
306 2498 528 2549 figuratur».
554 2522 598 2526 —
621 2512 645 2537 a
665 2512 772 2538 sacro
793 2511 932 2543 mense,
957 2497 1168 2536 Ianuarius
1192 2496 1291 2535 Iano
1313 2499 1506 2534 sacratus.

160 2564 209 2603 V.
237 2565 401 2602 25—26.
429 2564 615 2615 Purpura
635 2595 643 2602 .
664 2595 671 2602 .
693 2595 701 2602 .
718 2563 863 2603 summi
881 2594 889 2601 .
910 2594 918 2601 .
939 2593 947 2601 .
965 2562 1133 2607 honoris,
1165 2565 1258 2611 toga
1291 2571 1469 2610 purpura
1500 2570 1597 2608 prae-

109 2631 225 2668 texta
248 2628 432 2668 consulis.
461 2651 503 2656 —-
527 2629 652 2669 titulis
682 2659 690 2667 .
711 2659 719 2667 .
740 2659 747 2667 .
776 2628 874 2674 suis,
898 2627 1116 2666 maioribus
1124 2641 1133 2672 3
1156 2626 1198 2664 in
1221 2625 1334 2664 atriis
1358 2623 1464 2663 enim
1485 2621 1599 2661 nobi—

109 2693 210 2734 lium
243 2696 358 2732 erant
391 2693 584 2744 imagines
626 2693 837 2739 maiorum,
873 2693 947 2731 sub
984 2692 1130 2742 quibus
1164 2689 1374 2740 inscriptio
1412 2686 1593 2738 (titulus)

109 2757 316 2798 indicabat
341 2758 511 2798 honores
537 2759 588 2797 ab
613 2758 661 2797 iis
685 2761 832 2809 gestos.
