1990 3271
355 238 402 272 44

356 359 531 400 Achillis:
555 360 603 396 cf.
627 358 700 396 Ov.
726 358 813 394 Am.
839 356 894 394 ΙΙ.
921 358 979 400 18,
1005 357 1114 393 1—2.
1140 355 1205 405 (ad
1227 355 1398 393 eimdem
1419 355 1632 406 Macrum&
1652 355 1838 394 «Carmen

354 425 405 463 ad
441 424 588 461 iratum
626 423 721 459 (lum
758 426 804 458 tu
842 419 1023 470 perducis
1063 419 1240 457 Achillen
1279 419 1494 469 Primaque
1529 420 1669 458 iuratis
1705 420 1839 459 induis

354 501 463 528 arma
505 487 626 524 viris».
672 509 713 512 —
756 490 893 523 (eterno
913 515 919 522 .
941 515 948 522 .
970 515 977 522 .
1005 484 1185 529 Homero,
1226 484 1456 530 immortali,
1498 489 1542 522 ut
1583 485 1727 523 Tibull.
1769 485 1839 524 IV.

356 555 391 599 1,
421 554 507 591 180:
533 557 696 590 «aeterno
727 549 885 600 propior
911 562 989 587 non
1017 549 1117 587 alter
1143 549 1347 588 Homero».
1380 572 1420 575 —
1449 562 1627 588 summa.
1651 580 1658 587 .
1680 562 1839 596 Λνιαηα,

356 618 495 656 ultima
526 629 659 656 manu,
689 614 945 665 perfectione.

407 682 453 720 V.
486 684 543 719 16.
567 679 785 718 eommunia
806 692 915 717 sacra.
937 678 1070 729 poetis,
1093 680 1144 717 cf.
1168 692 1287 729 supra
1311 679 1361 717 ad
1386 679 1440 717 II.
1463 680 1500 725 9,
1525 680 1586 717 64.

406 747 453 784 V.
482 747 645 784 21—22.
677 745 726 782 Ta
753 744 844 782 (lucc
871 747 962 789 etc„
990 743 1158 782 Ovidius
1184 743 1338 782 iuvenis
1364 744 1449 782 haec
1474 744 1616 782 itinera
1645 757 1724 782 una·
1749 756 1843 782 cum

355 812 488 850 Macro
507 811 642 848 fecisse
659 809 832 847 videtur.
855 831 896 834 —
918 808 1039 854 Asz’oe,
1057 821 1110 848 sc.
1129 808 1305 847 Minoris.
1327 831 1369 835 —
1391 808 1605 855 Trinacris,
1624 808 1841 854 Trinacria,

355 876 484 917 Sicilia
511 889 529 912 a
557 878 682 912 forma
709 873 957 923 triangulari.

407 941 453 978 V.
483 941 644 978 23—24.
690 939 848 976 Aetnzea
869 969 876 976 .
899 969 906 976 .
928 969 935 976 .
953 938 1127 987 flamma,
1175 938 1318 984 Aetna,
1366 951 1478 977 mons
1522 938 1663 978 Sieiliae
1708 937 1842 988 ignem

355 1018 532 1044 vomens.
559 1027 600 1030 —
623 1003 854 1055 Subpositns
878 1003 995 1041 monti
1015 1016 1125 1055 quem
1144 1003 1260 1042 vomit
1280 1016 1341 1042 ore
1361 1003 1492 1054 Giyas,
1516 1003 1699 1054 Typhon,
1723 1002 1843 1053 Gigas

356 1069 488 1120 ignem
514 1082 692 1113 vomens,
719 1082 837 1117 quem
864 1068 1045 1119 Iuppiter
1070 1069 1209 1106 Aetnae
1234 1068 1460 1119 supposuit.

407 1135 454 1173 V.
483 1136 646 1173 25—26.
679 1134 944 1184 Hermoeosqzw
976 1133 1094 1179 lacus,
1127 1133 1286 1179 Henna,
1319 1133 1412 1172 urbs
1442 1133 1595 1172 Siciliae.
1632 1155 1674 1159 —
1708 1130 1844 1171 olentis

356 1204 489 1250 ,ςΐαφια
516 1198 658 1244 Palici,
691 1202 811 1236 recte:
845 1198 1085 1243 Palicor1un3
1116 1197 1249 1247 agitur
1279 1198 1386 1236 enim
1418 1198 1466 1236 de
1498 1198 1654 1236 duobus
1686 1195 1844 1244 Pedieis,

356 1264 445 1304 filiis
467 1264 573 1302 Iovis
594 1269 631 1302 et
652 1263 840 1313 nymphae
866 1263 1026 1308 Thaliae,
1048 1263 1192 1313 quibus
1212 1263 1315 1302 sacri
1336 1266 1448 1302 erant
1470 1263 1548 1302 duo
1570 1263 1701 1301 fontes
1721 1261 1845 1301 sulfu-

355 1329 432 1368 rati
457 1329 506 1367 ad
532 1322 730 1381 Παλεκὴν,
753 1328 894 1367 Siciliae
914 1329 1068 1373 urbem;
1093 1329 1143 1367 cf.
1169 1329 1244 1367 Ov.
1269 1328 1366 1366 Met.
1391 1328 1438 1366 V.
1463 1329 1553 1366 405:
1576 1327 1743 1367 «olentia
1766 1324 1860 1366 suh

356 1395 443 1435 fure
462 1425 469 1431 .
491 1425 498 1431 .
519 1425 526 1431 .
545 1397 688 1442 stagna
717 1393 969 1431 Palicorum».
1001 1416 1042 1420 —
1071 1393 1155 1431 suis
1179 1394 1339 1443 Cyanen
1365 1393 1494 1432 miscet
1522 1393 1692 1444 Anapus
1718 1390 1844 1444 aquis,

358 1459 503 1510 Cyane,
540 1460 627 1497 fons
664 1458 714 1496 ad
748 1458 977 1508 Syracusas,
1026 1459 1165 1496 urbem
1210 1458 1362 1503 Siciliae,
1410 1457 1546 1496 influit
1594 1457 1634 1495 in
1672 1456 1846 1495 fluvium

357 1525 556 1574 Anapum.

408 1589 455 1627 V.
484 1590 545 1627 27.
588 1588 772 1638 otynzpha,
819 1588 1074 1633 Arethusam,
1118 1589 1340 1638 nympham
1384 1587 1611 1633 Arcadiam,
1655 1586 1846 1625 comitem

357 1653 509 1698 Dianae‚
543 1653 729 1703 Alpheus.
762 1652 889 1690 aimiis
931 1652 1057 1690 Elidis
1090 1653 1132 1703 (i.
1165 1666 1198 1690 e.
1231 1653 1326 1691 deus
1358 1652 1474 1690 fluvii
1505 1651 1678 1702 Alphei),
1709 1663 1845 1690 amore

357 1718 540 1757 incensus
576 1718 794 1765 fugientem
830 1722 1058 1767 persecutus
1095 1721 1171 1763 est,
1208 1722 1295 1756 tum
1331 1718 1546 1763 Arethusa,
1582 1730 1605 1755 a
1641 1716 1771 1756 Diana
1803 1715 1846 1754 in

357 1784 510 1822 fontem
548 1787 719 1828 mutata,
757 1783 830 1820 sub
868 1782 968 1820 mari
1007 1783 1118 1821 Ionio
1155 1782 1329 1821 cucurrit
1367 1795 1492 1832 usque
1528 1782 1579 1820 ad
1617 1780 1846 1831 Ortygiam,

355 1847 526 1887 insulam
564 1847 767 1897 Syracusis
807 1847 994 1893 vicinam,
1035 1847 1102 1886 ubi
1144 1849 1230 1886 fons
1271 1848 1467 1886 Arethusa
1510 1846 1742 1898 permansit.
1784 1844 1843 1885 Cf.

357 1913 473 1963 Verg.
498 1913 593 1951 Aen.
619 1912 695 1950 III.
719 1914 805 1950 692.
829 1917 868 1950 et
891 1913 965 1951 Ov.
988 1913 1084 1951 Met.
1108 1913 1155 1951 V.
1179 1915 1267 1953 574.

410 1978 454 2016 V.
484 1980 544 2015 30.
573 1977 688 2022 Getis,
717 1978 766 2016 cf.
794 1978 844 2015 ad
873 1977 991 2015 Trist.
1022 1977 1098 2016 III.
1128 1979 1165 2023 3,
1193 1979 1228 2016 6.

408 2043 454 2081 V.
484 2044 544 2080 33.
582 2047 660 2082 rate
777 2042 893 2093 picta,
925 2056 1046 2080 naves
1084 2043 1345 2092 antiquorum
1382 2056 1486 2093 saepe
1523 2041 1689 2093 picturis
1728 2042 1844 2079 erant

358 2111 522 2147 ornatae.

409 2173 454 2211 V.
485 2175 545 2210 41.
577 2186 644 2217 res.
675 2186 727 2211 sc.
758 2173 892 2211 serias.

408 2237 442 2275 V
485 2240 545 2275 45.
583 2238 651 2275 snb
687 2237 841 2276 cardina
889 2237 1038 2283 wimondi,
1076 2238 1150 2275 sub
1189 2238 1278 2288 polo
1315 2236 1620 2288 septentrionali
1657 2235 1756 2275 caeli.
1797 2256 1840 2262 -—

359 2302 437 2351 Qui
460 2315 607 2353 semper
633 2302 792 2354 liquidis
810 2302 923 2341 altior
940 2307 1059 2341 exstat
1079 2302 1204 2354 aquis,
1225 2303 1333 2341 haud
1354 2302 1493 2353 procul
1519 2315 1542 2340 a
1568 2301 1659 2352 polo
1685 2303 1843 2351 septen-

358 2367 518 2405 trionali
553 2367 634 2405 czeli
669 2372 727 2405 est
761 2368 869 2405 sidus
903 2367 1026 2413 Ursae,
1061 2368 1167 2417 quod
1201 2381 1409 2417 nunquam
1442 2366 1601 2412 occidit,
1634 2366 1660 2404 i.
1695 2378 1727 2404 e.
1761 2377 1840 2404 non

359 2432 549 2481 mergitur
573 2433 745 2477 ()c<›ano;
769 2433 818 2471 cf.
843 2433 893 2471 ad
918 2433 1035 2471 Trist.
1061 2432 1093 2471 I.
1117 2434 1153 2477 2,
1177 2434 1238 2471 29.

412 2497 457 2534 V.
488 2499 548 2534 48.
572 2497 692 2546 qelido
712 2528 719 2535 .
741 2528 748 2535 .
770 2528 776 2535 .
795 2498 864 2536 sub
889 2510 971 2543 axe,
997 2498 1070 2536 sub
1098 2498 1188 2548 polo
1213 2497 1517 2547 septentrionali
1544 2496 1639 2536 caeli.

412 2561 458 2599 V.
490 2564 652 2600 51—52.
682 2562 778 2610 reqio
801 2594 807 2600 .
829 2594 835 2601 .
858 2594 864 2600 .
885 2563 972 2608 ista,
999 2576 1053 2601 sc.
1081 2563 1224 2601 Roma.
1250 2585 1291 2589 —-
1319 2562 1428 2608 Istic,
1455 2575 1507 2601 sc.
1535 2561 1689 2606 Romae;
1716 2560 1767 2599 cf.
1795 2558 1847 2597 ad

364 2625 481 2664 Trist.
514 2626 589 2664 HI.
619 2629 654 2666 3.
684 2629 745 2665 25.
