1990 3271
351 213 397 249 84

351 337 472 376 tuisse
511 336 682 375 eundem
721 339 844 384 atque
883 333 1086 372 Valerium
1125 334 1311 384 Largum,
1352 338 1625 374 accusatorem
1665 335 1832 374 Cornelii

352 401 452 441 Galli
478 405 620 452 poetae;
645 401 695 438 cf.
722 399 827 438 Cass.
854 398 942 437 Dio.
968 389 1080 437 LIII.
1106 400 1169 437 23:
1201 392 1476 454 κατηγορήθη
1507 413 1554 438 τε
1580 397 1679 439 οῦν.
1697 429 1706 437 .
1722 427 1733 438 .
1749 398 1832 440 ὑπὸ

355 462 589 518 Οὐαλερίου
636 462 820 516 Λάργου,
855 461 1028 515 ἑταίρου
1067 462 1114 502 τέ
1147 462 1186 502 οἱ
1219 463 1288 501 καὶ
1331 461 1579 516 συμβιωτοῦ
1613 459 1744 508 ὄντος.
1782 485 1832 491 —-

350 531 498 572 Gallica
533 531 600 583 qui
620 529 833 580 Phryqium
858 529 969 567 duxit
997 529 1037 568 in
1063 542 1153 568 arva
1189 542 1326 570 senem.
1353 529 1509 579 scripsit
1547 530 1594 568 de
1631 531 1832 569 Antenore
1880 575 1882 577 ,

351 597 535 642 Troiano,
563 595 629 645 qui
664 599 753 645 post
785 594 983 633 excidium
1009 594 1133 633 Troiae
1167 596 1354 645 profugus
1389 594 1584 632 coloniam
1617 594 1833 633 Patavium

350 661 529 702 condidit
561 661 601 699 in
628 660 754 699 Gallia
791 659 1004 709 Cisalpina;
1042 662 1091 697 cf.
1118 660 1233 709 Verg.
1272 661 1368 698 Aen.
1396 659 1426 698 Ι.
1453 661 1542 698 247:
1576 659 1670 698 «Hie
1695 663 1833 699 tamen

349 727 414 767 ille
438 727 577 765 urbem
612 725 756 763 Patavi
795 725 986 773 sedesque
1025 724 1173 762 locavit
1215 725 1482 764 Teucrorum».
1527 747 1569 751 —
1607 724 1832 776 Phryyium,

351 792 582 831 Troianum:
609 794 694 827 erat
721 789 827 827 enim
855 789 968 827 Troia
997 789 1036 826 in
1064 789 1249 839 Phrygia.

401 856 447 895 V.
479 857 640 894 19—20.
665 854 767 892 canit
791 854 932 892 domito
953 853 1183 892 Camerinus
1205 854 1251 891 ab
1274 854 1431 893 Hectore
1458 854 1626 900 Troiam,
1650 854 1832 894 narravit

349 922 471 972 igitur
490 934 550 959 res
571 920 621 958 ad
643 919 801 957 Troiam
824 923 910 968 post
935 924 1105 956 mortem
1126 918 1310 957 Hectoris
1331 923 1475 967 gesta-s,
1496 919 1522 957 i.
1544 932 1577 957 e.
1600 919 1831 959 Posthome-

348 987 442 1026 rica.
469 1009 511 1013 -—
533 984 775 1029 Camerinus,
798 984 913 1022 nobis
935 984 1108 1033 ignotus.
1134 984 1178 1031 Q.
1199 984 1394 1034 Sulpicius
1417 984 1646 1022 Camerinus
1669 985 1833 1034 qnidam

350 1055 434 1091 erat
456 1050 592 1090 consul
613 1064 677 1088 an.
700 1051 735 1088 9.
760 1064 797 1100 p.
821 1049 909 1088 Chr.
932 1063 970 1087 11.
999 1071 1039 1076 —
1064 1049 1211 1100 Quique
1231 1062 1302 1087 sua
1326 1061 1463 1087 ¹nomen
1481 1049 1662 1099 Phyllide
1686 1049 1834 1088 Tuscus

349 1116 467 1161 habet,
499 1116 648 1153 Tuscus
678 1114 878 1164 scripsisse
907 1114 1068 1152 videtur
1098 1114 1146 1152 de
1177 1114 1372 1164 Phyllide.
1404 1114 1483 1152 filia
1513 1114 1613 1163 regis
1643 1114 1832 1160 Thraciae,

352 1181 713 1231 Demophoontem,
743 1179 881 1218 Thesei
922 1179 1061 1225 filium,
1090 1182 1264 1223 amante,
1293 1192 1416 1228 quam
1442 1179 1623 1218 fabulam
1650 1179 1833 1218 narravit

352 1246 474 1286 etiam
499 1245 666 1285 Ovidius
691 1245 786 1283 Her.
812 1247 847 1283 2.

402 1311 449 1350 V.
478 1312 641 1350 21—22.
670 1309 903 1362 Velivolique
938 1309 1058 1348 maris
1080 1314 1193 1356 vates,
1218 1309 1328 1348 cuius
1351 1322 1496 1348 nomen
1519 1309 1760 1360 ignoramus.
1789 1331 1831 1336 —
1864 1339 1868 1342 ⁴

356 1376 590 1428 Velivolique
619 1375 752 1420 maris,
777 1375 844 1413 ubi
869 1375 955 1413 vela
981 1375 1132 1413 volant.
1161 1397 1202 1401 —
1229 1375 1418 1419 coeruleos,
1443 1374 1632 1420 marinos3
1658 1387 1680 1412 a
1704 1374 1834 1413 colore

353 1441 485 1480 maris.

401 1506 448 1545 V.
474 1508 637 1545 23—24.
659 1505 806 1557 Quique
825 1505 925 1544 acies
950 1505 1114 1554 Libycas
1136 1503 1382 1556 Romanaque
1409 1504 1548 1556 proelm
1574 1505 1685 1550 dixit,
1712 1508 1833 1555 poeta

351 1584 508 1623 prorsus
547 1572 719 1621 ignotus.
765 1594 806 1597 —
847 1570 947 1608 acies
985 1570 1147 1620 Libycas
1183 1570 1431 1621 Romanaque
1473 1569 1623 1621 praelia,
1664 1570 1834 1608 fortasse

352 1637 454 1676 bella
490 1636 654 1681 Punica:
690 1636 757 1674 sed
794 1635 959 1685 cogitari
997 1639 1128 1685 potest
1164 1635 1286 1673 etiam
1323 1635 1370 1673 de
1407 1634 1508 1673 bello
1545 1634 1707 1673 Caesaris
1741 1646 1832 1674 cum

353 1701 454 1741 Iuba
480 1701 737 1752 Pompeiano,
765 1714 854 1750 rege
881 1700 1092 1738 Numidiae.
1125 1723 1166 1727 —
1195 1699 1368 1745 Marius,
1398 1713 1556 1750 prorsus
1582 1700 1756 1749 ignotus.

402 1767 449 1805 V.
479 1768 641 1805 25—26.
678 1766 988 1817 Trinacriusque,
1021 1778 1100 1804 non
1133 1779 1291 1811 nomen,
1323 1766 1391 1804 sed
1424 1765 1597 1815 patriam
1627 1763 1830 1815 scriptoris

351 1832 569 1882 significare
585 1832 760 1877 videtur3
776 1831 801 1868 i.
817 1844 849 1869 e.
866 1830 998 1880 agitur
1013 1831 1061 1869 (le
1078 1835 1193 1881 poeta
1212 1831 1386 1880 quodam
1401 1830 1530 1870 Siculo
1549 1829 1768 1880 (Trinacria
1786 1847 1828 1861 =

349 1897 493 1942 Sicilia,
511 1898 559 1935 cf.
578 1897 627 1935 ad
647 1896 700 1935 II.
723 1899 780 1942 10,
798 1897 891 1945 22.)‚
909 1896 1019 1934 cuius
1036 1909 1182 1934 nomen
1200 1896 1368 1935 Ovidius
1384 1896 1537 1934 reticet.
1561 1918 1601 1922 —
1617 1893 1830 1941 Perseidos,

352 1962 502 2001 Perseis
524 1966 656 2013 potesb
676 1962 896 2012 significare
917 1974 1075 2000 carmen
1098 1962 1145 2000 <le
1167 1961 1276 1999 bellis
1298 1961 1507 2000 Persarum
1528 1964 1567 1998 et
1589 1960 1830 2006 Graecorum,

353 2027 469 2078 quale
506 2027 728 2077 composuit
765 2027 860 2065 olim
898 2026 1104 2071 Choerilus,
1142 2026 1337 2065 Herodoti
1377 2025 1553 2075 aequalis:
1591 2025 1659 2064 sed
1696 2024 1830 2063 referri

353 2095 485 2144 potest
514 2093 636 2130 etiam
663 2093 712 2130 ad
743 2092 929 2130 Perseum
965 2091 1137 2136 heroem,
1167 2092 1341 2129 Medusae
1370 2091 1620 2129 domitorem.
1654 2112 1695 2117 —
1729 2089 1831 2128 Ταπ-

352 2157 482 2196 talidoe
504 2157 649 2196 reducis
673 2157 998 2208 Tyndaridosque,
1021 2170 1177 2195 carmen
1201 2157 1248 2194 de
1269 2157 1400 2195 reditu
1420 2155 1587 2194 Menelai
1609 2159 1647 2193 et
1670 2155 1832 2193 Helenae

351 2222 392 2261 in
422 2223 594 2273 patriam
624 2227 714 2273 post
743 2222 942 2261 excidium
972 2221 1108 2260 Troiae.
1143 2245 1183 2248 —
1218 2221 1446 2265 Tuntalidoe,
1476 2220 1691 2264 Menelaus,
1721 2219 1831 2258 cuius

353 2291 467 2339 pater
498 2288 654 2332 Atreus,
685 2300 784 2325 avus
815 2287 970 2337 Pelops,
1002 2300 1174 2337 proavus
1207 2286 1398 2324 Tantalus
1429 2289 1526 2323 erat.
1564 2308 1605 2312 —
1641 2284 1831 2335 Tyndari-

353 2353 502 2405 dosque,
540 2353 706 2398 Helena,
744 2353 822 2390 filia
860 2352 990 2397 Ledae,
1028 2352 1160 2390 uxoris
1199 2351 1408 2401 Tyndarei.
1451 2373 1492 2377 -
1531 2350 1680 2401 I‘supus,
1716 2349 1832 2388 nobis

353 2418 512 2456 aliunde
536 2431 615 2456 non
640 2422 773 2456 notus.

404 2482 451 2521 V.
480 2485 643 2523 27—28.
681 2483 729 2521 Et
764 2482 829 2534 qui
865 2482 1081 2521 Maeoniam
1114 2481 1320 2520 Phoeacida
1358 2481 1475 2526 rev-tit,
1514 2481 1745 2525 Tuticanus‚
1781 2479 1832 2518 ad

355 2561 473 2599 quern
493 2548 639 2599 scripta
663 2552 721 2586 est
742 2560 862 2598 supra
884 2547 952 2585 IV.
977 2549 1051 2588 12..
1073 2547 1141 2585 ubi
1162 2547 1211 2585 cf.
1234 2546 1325 2584 adn.
1353 2570 1393 2573 -
1416 2546 1646 2591 Maeoniam,
1686 2544 1832 2583 Home-

352 2612 493 2659 ricam;
520 2615 569 2652 cf.
597 2614 647 2652 ad
675 2613 792 2651 Trist.
821 2612 853 2651 Ι.
884 2615 917 2657 1,
945 2615 1005 2652 47.
1039 2635 1079 2639 -
1106 2611 1326 2656 Phceaeida,
1355 2613 1404 2650 cf.
1433 2612 1482 2649 ad
1511 2611 1579 2650 IV.
1609 2612 1668 2655 12,
1696 2611 1757 2649 27.
1789 2631 1831 2636 —

350 2677 464 2727 Rufe,
503 2679 646 2725 Rufus,
684 2678 846 2717 Pindari
883 2678 1076 2723 imitator,
1115 2679 1281 2716 fortasse
1316 2677 1422 2715 idem
1459 2680 1581 2726 atque
1619 2675 1746 2714 Titius
1782 2674 1833 2713 ab
