1990 3271
402 923 508 975 AD
545 921 863 975 LIBRUI
900 919 1294 987 QUARTLM.

658 1108 744 1147 [Ab.
770 1108 846 1148 Ν.
871 1107 983 1158 epist.
1008 1107 1046 1144 1.

544 1225 617 1268 Ad
649 1225 851 1268 Sextum
882 1223 1166 1280 Pompeium.

157 1362 302 1403 Sextus
324 1361 553 1412 Pompeius,
576 1373 596 1399 e
617 1364 734 1410 gente
755 1359 1000 1398 nobilissima
1024 1358 1189 1408 Pompei
1209 1357 1345 1407 Magni
1369 1357 1434 1407 (cf.
1455 1357 1590 1397 senec.

110 1427 170 1466 De
196 1427 326 1466 benef.
355 1425 424 1464 IV.
452 1426 545 1475 30),
572 1426 707 1464 fautor
734 1424 882 1470 Ovidii,
911 1423 1053 1463 Caesari
1081 1422 1315 1462 Germanico
1342 1421 1591 1472 grat-issimus

112 1493 178 1543 (cf.
197 1492 301 1530 infra
322 1491 391 1530 IV.
413 1494 448 1537 5,
470 1490 665 1540 25—26.),
686 1490 762 1528 fuit-
783 1489 920 1528 consul
941 1502 1006 1527 an.
1028 1490 1088 1527 14.
1109 1502 1148 1539 p.
1171 1488 1258 1527 Chr.
1279 1500 1319 1525 n.
1342 1487 1407 1537 (cf.
1426 1486 1589 1527 sueton.

112 1558 255 1597 Octav.
289 1557 408 1606 100.),
440 1559 579 1607 postea
611 1555 822 1606 proconsul
854 1554 969 1593 Asiae.
1002 1553 1130 1592 Mores
1163 1555 1393 1591 mansuetos
1427 1565 1590 1602 procon-

111 1622 206 1662 sulis
233 1622 373 1660 laudat
401 1621 488 1659 Val.
517 1621 625 1659 Max.
655 1621 710 1659 Π.
740 1621 776 1666 6,
805 1621 844 1658 8;
870 1619 950 1657 «vir
976 1619 1040 1657 ille
1068 1622 1113 1657 ut
1142 1618 1327 1657 omnibus
1354 1616 1590 1662 virtutibus,

111 1687 169 1726 ita.
204 1686 471 1726 humanitatis
509 1698 668 1735 quoque
703 1685 889 1723 laudibus
925 1682 1283 1722 instructissimus».
1322 1682 1384 1720 Ad
1421 1682 1592 1720 eundem

112 1752 216 1790 infra
241 1751 311 1790 ΙΥ.
337 1754 373 1789 4.
398 1756 437 1789 et
464 1754 498 1789 5.
525 1754 564 1789 et
591 1752 650 1788 15.

166 1816 363 1864 Quartum
386 1815 663 1866 Epistularum
685 1815 831 1852 librum
854 1813 1012 1864 scripsit
1037 1812 1204 1852 Ovidius
1229 1816 1319 1863 post
1343 1816 1422 1850 tres
1446 1811 1593 1862 primos

113 1881 236 1920 libros
258 1881 432 1920 Romam
453 1880 593 1919 missos
616 1893 709 1918 ann.
734 1880 896 1917 13-16.
919 1893 958 1929 p.
983 1878 1071 1917 Chr.
1093 1891 1133 1915 n.

165 1946 214 1984 Υ.
244 1947 355 1984 1—2.
380 1945 581 1984 deductum·
603 1957 768 1989 carmen,
793 1945 843 1982 cf.
868 1944 918 1982 ad
945 1943 1062 1981 Trist.
1089 1942 1120 1980 I.
1147 1945 1182 1987 1,
1207 1943 1268 1981 39.
1298 1963 1341 1968 —
1365 1941 1522 1979 Debitor
1544 1944 1597 1978 est

113 2011 203 2050 vitoe
221 2042 229 2049 .
250 2041 257 2048 .
278 2041 286 2048 .
303 2023 397 2056 θυαε,
421 2010 471 2049 cf.
494 2010 596 2048 infra
621 2009 672 2048 ad
696 2009 765 2048 ῙΥ.
790 2012 825 2054 5,
850 2009 1013 2046 33-36.

166 2076 214 2114 Υ.
245 2079 279 2114 5.
306 2075 426 2114 trahis
450 2075 588 2120 vultus,
614 2074 640 2112 i.
666 2087 699 2112 e.
724 2073 915 2112 irasceris.

166 2140 214 2179 Υ.
245 2142 305 2179 12.
338 2140 378 2178 iu
405 2153 521 2185 ceras,
549 2139 589 2177 in
618 2139 777 2177 tabulas
806 2143 959 2177 ceratas
989 2137 1262 2188 epistularum.

164 2205 213 2244 V.
245 2207 305 2244 17.
332 2205 486 2250 Lethen,
514 2205 564 2243 cf.
592 2205 643 2242 ad
671 2204 726 2242 Π.
753 2207 789 2249 4,
817 2205 878 2242 23.

165 2270 214 2308 V.
243 2272 305 2309 25.
331 2269 496 2309 subitis.
518 2300 526 2307 .
547 2300 555 2307 .
571 2269 677 2318 satis,
705 2269 936 2307 calamitate
961 2272 1102 2318 poetae.
1128 2266 1259 2305 exilio.

165 2336 214 2373 Υ.
243 2336 407 2374 29—30.
460 2335 591 2374 Venus
611 2365 618 2372 .
639 2365 647 2372 .
667 2364 675 2372 .
695 2334 890 2385 Aequoreo
939 2332 1116 2371 madidas
1163 2344 1248 2383 quoe
1294 2330 1432 2382 premit
1482 2329 1597 2368 imbre

115 2413 255 2445 omnes,
288 2400 338 2438 of.
372 2399 423 2438 ad
456 2399 574 2438 Trist.
609 2399 663 2438 II.
698 2399 912 2438 527—528.
950 2420 992 2424 —
1027 2396 1249 2446 artificis..
1270 2426 1278 2433 .
1309 2395 1393 2441 Coi,
1427 2394 1595 2445 Apelles,

114 2529 280 2570 Suidam
299 2530 346 2580 (s.
363 2530 419 2579 v.)
440 2528 720 2579 Colophonius,
739 2528 959 2567 secundum
974 2527 1105 2566 Strab.
1124 2526 1236 2564 XIV.
1256 2526 1330 2564 642
1348 2538 1383 2563 a.
1401 2523 1597 2574 Ephesius

116 2598 216 2633 erat.
247 2593 410 2633 Pictura-
439 2593 522 2632 eius
550 2593 614 2632 hio
644 2596 957 2632 commemorata
987 2592 1163 2642 primum
1189 2591 1230 2629 in
1262 2590 1344 2628 aede
1374 2587 1597 2638 Aesculapii

118 2658 197 2699 Coa
229 2662 315 2697 erat
348 2658 554 2697 collocata.
592 2681 636 2685 ——
670 2658 822 2709 premit,
856 2656 1044 2707 exprimit
1079 2668 1225 2701 comas,
1259 2659 1305 2693 ut·
1338 2654 1450 2693 siccae
1482 2653 1598 2698 fiant;

117 2724 168 2763 ef.
195 2723 314 2761 Trist.
340 2723 398 2761 II.
425 2725 514 2762 527:
536 2723 736 2762 «madidos
761 2723 883 2761 siccat·
910 2721 1044 2772 digitis
1069 2721 1203 2759 Venus
1229 2720 1308 2757 uda
1336 2718 1525 2770 capillos».
1555 2739 1597 2744 —

116 2788 248 2834 imbre,
273 2801 391 2838 aqua.
