1990 3271
1497 287 1541 321 29

61 402 178 449 solet3
210 404 259 442 cf.
292 404 407 453 Verg.
441 404 510 443 Ge.
544 404 621 443 III.
653 406 743 445 278:
774 406 897 444 «unde
927 406 1161 457 nigerrimus
1193 412 1327 447 auster
1360 408 1546 449 Nascitur

60 470 101 507 et
135 467 273 519 pluvio
307 467 520 507 contristat
555 469 698 519 frigore
731 470 900 509 caelum»

110 533 157 572 V.
194 533 356 571 29—30.
394 532 580 579 victorem,
618 534 831 572 Tiberium.
872 558 913 562 —
952 549 1039 574 cum
1074 550 1220 588 ¹mayuce
1256 537 1355 576 vocis
1389 538 1544 585 honore,

58 596 86 635 i.
112 609 145 636 e.
173 610 317 647 magna
342 610 440 636 voce
466 597 677 648 verbisque
702 599 942 638 honorificis.
973 623 1015 627 —
1047 601 1193 640 Bellica
1214 632 1222 639 .
1243 632 1250 639 .
1271 632 1278 639 .
1296 603 1410 649 dona,
1439 603 1544 642 dona

61 660 264 706 militaria,
299 661 324 699 i.
360 675 392 700 e.
428 661 595 712 insignia
637 664 833 713 quaedam,
869 677 956 714 quae
992 664 1138 703 milites
1172 666 1330 716 publice
1363 671 1542 717 gererent

57 725 222 765 virtutis
251 726 483 765 mercedem.

110 790 158 829 V.
189 792 250 829 31.
281 790 405 842 pictas
424 821 432 829 .
452 821 460 829 .
481 821 488 828 .
506 795 634 838 restes,
661 796 797 842 togam
828 793 978 844 pictam
1008 793 1033 832 i.
1066 808 1098 832 e.
1130 808 1371 846 purpuream
1401 796 1540 835 trium-

57 855 252 906 phatoris.

107 919 155 958 V.
194 920 356 957 33—34.
395 920 664 973 Iustitiamque
701 922 1057 974 sui...pareutis‚
1096 923 1120 962 i.
1161 937 1192 963 e.
1233 925 1411 964 Tiberius
1449 929 1543 964 ante

56 983 307 1034 triumphum
344 984 582 1024 sacrificavit
623 986 794 1025 Iustitiae
835 988 1036 1037 Augustae,
1076 989 1139 1027 cui
1180 990 1383 1039 Augustus
1422 990 1541 1041 paulo

57 1051 151 1087 ante
176 1052 354 1087 statuam
380 1054 567 1100 posuerat-
593 1050 632 1088 in
660 1051 810 1102 templo
837 1065 1073 1099 marmoreo;
1101 1055 1150 1092 cf.
1178 1054 1281 1092 infra
1309 1055 1386 1093 III.
1413 1056 1448 1102 6,
1475 1057 1540 1095 25:

53 1112 207 1164 «Nuper
236 1126 323 1152 eam
354 1114 422 1164 (sc.
454 1114 672 1165 Iustitiam)
706 1116 832 1155 Caesar
861 1118 969 1156 facto
1000 1118 1048 1156 de
1077 1132 1274 1157 marmore
1303 1120 1454 1172 templo
1474 1150 1482 1158 .
1502 1150 1510 1158 .
1531 1150 1540 1158 .

56 1177 216 1228 posuit».
263 1178 400 1217 Etiam
444 1179 484 1217 in
531 1179 662 1219 Fastis
707 1181 961 1220 Praenestinis
1007 1188 1343 1222 commemoratur
1403 1188 1540 1223 stat-ua

57 1241 226 1281 Iustitiae
252 1244 440 1293 Augustae
467 1244 529 1282 (lie
554 1245 590 1283 8.
618 1245 793 1284 Ianuarii
819 1259 882 1284 an.
910 1248 969 1285 13.
996 1261 1034 1298 p.
1062 1247 1150 1287 Chr.
1175 1262 1214 1286 n.
1241 1249 1380 1288 Romae
1406 1262 1539 1289 conse-

55 1310 180 1346 crata.
214 1330 256 1334 —
287 1308 472 1359 parentis,
503 1309 686 1359 Augusti.
721 1334 764 1338 —
795 1311 870 1350 Illo
899 1325 982 1364 quae
1011 1313 1194 1364 templum
1221 1318 1366 1365 pectore
1393 1327 1541 1366 semper

55 1371 174 1417 hahet,
211 1371 236 1410 i.
274 1385 307 1410 e.
345 1372 506 1411 Iustitia
541 1374 655 1424 quasi
691 1376 888 1426 templum
923 1377 1045 1415 habet
1081 1377 1121 1415 in
1157 1382 1317 1429 pectore
1352 1378 1538 1429 Augusti;

54 1435 160 1474 idem
190 1436 286 1476 dicit
316 1441 433 1488 poeta
462 1437 564 1477 infra
597 1439 673 1477 III.
705 1441 740 1485 6,
770 1442 933 1480 25-26.
965 1442 1013 1480 de
1042 1443 1238 1492 Augusto:
1267 1443 1422 1494 «Nuper
1450 1457 1538 1482 eam

57 1501 125 1551 (sc.
169 1501 388 1552 Iustitiam)
433 1503 541 1542 facto
584 1504 632 1542 de
673 1517 870 1543 marmore
912 1506 1075 1557 templo,
1120 1507 1363 1558 Iampridem
1405 1508 1538 1560 posuit

55 1565 199 1604 mentis
222 1565 263 1604 in
286 1567 369 1605 aede
391 1579 499 1606 suae»

104 1630 152 1669 V.
183 1631 345 1669 35—36.
377 1631 532 1684 Quaque
579 1633 677 1679 ierit,
708 1647 761 1673 sc.
793 1635 972 1674 Tiberius
1002 1636 1042 1674 in
1073 1649 1219 1688 pompa
1250 1637 1459 1688 triumphi.
1494 1660 1536 1666 —

55 1694 149 1744 felia:
175 1695 365 1734 adiectum
390 1696 592 1748 plausibus
620 1711 741 1744 omen,
770 1699 795 1737 i.
826 1712 858 1737 e.
888 1701 1058 1751 populus
1087 1701 1236 1752 plausit
1266 1706 1305 1740 et
1333 1702 1539 1753 plausibus

55 1759 210 1798 addidit
243 1760 335 1799 boni
369 1761 514 1800 ominis
546 1763 683 1808 verba,
716 1763 741 1801 i.
777 1776 808 1801 e.
842 1765 964 1803 verba
997 1765 1230 1805 felicitatem
1264 1767 1420 1806 Tiberio
1453 1781 1537 1818 pre-

53 1823 201 1862 cantia.
238 1824 295 1863 Cf.
330 1825 407 1864 Cic.
441 1825 553 1864 Fam.
587 1827 664 1865 III.
699 1830 761 1866 12:
792 1829 951 1867 «faustis
983 1830 1182 1869 ominibus
1215 1832 1415 1882 prosequi»
1445 1832 1470 1870 i.
1503 1845 1536 1870 e.

51 1888 364 1939 precationibus.
408 1913 450 1917 —
492 1891 692 1937 adiectum,
733 1893 893 1944 supple:
935 1907 1029 1933 esse.
1073 1918 1115 1923 —
1157 1897 1346 1948 Sacraque,
1385 1896 1536 1948 lapides

52 1953 252 2002 quadrati,
295 1954 438 2004 quibus
478 1955 553 1994 viae
593 1957 701 1995 urbis
741 1961 878 1996 stratae
919 1963 1044 1997 erant.
1090 1983 1132 1987 —
1175 1961 1398 2000 roratis...
1424 1961 1534 2007 rosis,

50 2017 148 2056 rosis
178 2017 220 2056 in
249 2019 413 2057 modum
441 2020 540 2059 roris
568 2021 609 2059 in
639 2034 735 2060 saxa
764 2023 1015 2069 cadentibus3
1045 2024 1070 2062 i.
1102 2038 1134 2063 e.
1165 2030 1409 2076 spectatores
1437 2026 1535 2065 rosis

52 2081 168 2121 iactis
205 2086 393 2122 texerunt
430 2084 540 2123 viam
577 2086 876 2137 triumphantis.

101 2147 149 2186 V.
180 2148 343 2187 37—38.
374 2154 524 2200 argento
553 2163 656 2189 veros
688 2151 883 2190 imitantia
914 2166 1070 2193 muros.
1091 2184 1099 2191 .
1120 2155 1291 2206 mppida
1323 2155 1412 2202 lata,
1443 2156 1468 2193 i.
1501 2168 1533 2194 e.

52 2210 94 2249 in
122 2224 270 2263 pompa
298 2213 490 2264 triumphi
520 2216 787 2265 portabantur
815 2217 1025 2257 simulacra
1056 2219 1296 2270 oppidorum
1324 2225 1536 2271 captorum

50 2288 99 2314 ex
136 2280 300 2327 argento
340 2278 460 2317 facta.
504 2303 546 2306 —
587 2294 675 2319 cum>
712 2281 852 2333 pictis.
874 2283 1035 2329 ..vii-is,
1077 2284 1287 2324 simulacra
1325 2285 1535 2324 hominum

48 2342 317 2390 pugnantium
347 2343 468 2382 variis
501 2344 700 2384 coloribus
734 2346 935 2386 distincta.

98 2405 146 2444 V.
187 2407 350 2446 39—40.
393 2408 680 2461 Fluminaque.
701 2441 708 2448 .
730 2416 925 2451 smontes.
949 2442 956 2449 .
978 2413 1161 2464 .proel·ia‚
1202 2413 1227 2451 i.
1269 2427 1301 2452 e.
1341 2414 1533 2465 imagines

48 2469 265 2508 fluminum
303 2475 343 2510 et
381 2473 582 2512 montium
620 2474 836 2514 Pannoniae
876 2477 1100 2528 Illyriaeque
1138 2482 1177 2516 et
1215 2492 1442 2529 pugnarum
1478 2479 1533 2518 ibi

48 2534 364 2574 commissarum.
408 2560 451 2564 —
493 2538 701 2591 Armaque,
741 2541 924 2580 thoraces
964 2546 1003 2580 et
1043 2543 1215 2582 cassides
1254 2544 1443 2583 hostium.
1488 2567 1531 2572 —

47 2611 135 2638 eum
161 2599 258 2646 telis,
287 2599 471 2652 intellege
498 2603 664 2652 gladios,
693 2605 843 2651 hastas,
874 2606 1042 2656 sagittas
1072 2612 1146 2646 etc.

97 2663 145 2702 V.
163 2665 327 2703 41-42.
344 2667 443 2717 quod
457 2667 513 2705 sol
527 2667 748 2715 incenderit,
765 2669 791 2707 i.
809 2683 841 2708 e.
860 2672 968 2720 quod
985 2671 1220 2722 splendebat
1237 2673 1359 2711 radiis
1375 2673 1530 2712 solis.—

49 2727 181 2766 Aurea
197 2728 368 2768 Romani
386 2734 479 2770 tecta
498 2731 619 2780 fuisse
637 2733 726 2783 fori,
749 2747 915 2776 aureum
935 2736 1107 2774 colorem
1129 2737 1270 2776 ducere
1289 2738 1532 2777 videbantur
