1990 3271
1506 318 1550 352 49

69 440 168 486 τίσω
194 439 334 478 eadem
359 439 497 477 fabula
523 444 710 478 narratur
736 439 853 478 Trist.
882 439 950 478 IV.
976 442 1012 486 4,
1039 441 1204 479 63—82.
1234 463 1277 468 —
1304 440 1473 492 Scythia,
1499 440 1551 480 cf.

73 505 124 545 ad
146 504 265 543 Trist.
287 503 365 542 ΙΙΙ.
386 507 423 550 4,
444 505 506 542 46.
531 526 573 531 —-
598 504 759 550 Tauros,
780 505 830 543 cf.
850 505 900 542 ad
923 504 1040 542 Trist.
1062 504 1131 543 IV.
1151 508 1188 551 4,
1209 505 1372 543 63—64.

122 569 170 608 V.
198 569 260 607 48.
285 568 505 608 szsortem
529 568 677 615 Phoebi,
704 582 890 614 sororem,
918 568 942 606 i.
970 581 1003 607 e.
1033 568 1220 607 Dianam.

122 634 170 673 V.
200 635 261 672 51.
286 633 441 684 siynum
464 633 618 679 coelesie,
643 638 778 672 statua
807 633 972 671 Dianae.

123 699 170 737 V.
201 700 262 736 54.
288 697 458 743 Decolor,
484 698 656 748 genuino
683 698 810 737 colore
835 698 994 736 amisso.

122 763 170 802 V.
200 765 260 801 55.
294 763 404 801 toedae
431 775 508 801 non
543 767 627 801 nota
660 763 794 814 iuqali,
827 763 1011 814 innupta.
1049 785 1091 790 —
1126 763 1258 802 taecloe.
1279 794 1286 801 .
1306 762 1467 816 .iuqali,
1499 763 1550 802 cf.

72 828 124 867 ad
150 827 183 867 I.
209 829 246 873 2,
272 829 361 866 133:
383 827 538 877 «ignes».

121 892 169 931 V.
201 893 260 930 58.
296 893 457 932 Aduena
477 922 484 930 .
505 923 513 930 .
534 923 542 930 .
567 905 658 931 ense
689 893 811 938 cadat,
845 894 894 931 cf.
928 893 1077 931 Herod.
1112 892 1181 931 IV.
1216 894 1301 932 103.
1337 893 1400 943 (de
1431 892 1552 932 sacris

69 956 278 1007 Tauricis):
313 954 472 996 θύουσι
494 955 567 995 μὲν
588 956 637 1010 τῇ
666 954 873 1010 παρθένῳ
906 958 1004 1000 τούς
1036 972 1082 996 τε
1115 956 1322 1011 ναυηγοὺς
1354 957 1422 996 καὶ
1453 955 1551 1000 τοὺς

70 1016 118 1062 ἄν
150 1019 339 1072 λάβωσιν
368 1013 575 1075 ιΕλλήνων
608 1017 948 1076 ἀπενειχθέντας.

119 1087 168 1126 V.
198 1088 362 1126 59—60.
400 1087 567 1132 leoons,
599 1087 683 1126 sive
716 1087 859 1133 Thoas,
892 1100 962 1126 rex
995 1087 1231 1133 Taurorum
1264 1088 1314 1126 cf.
1348 1087 1397 1126 ad
1431 1087 1551 1126 Trist.

71 1151 142 1191 IV.
163 1154 201 1198 4,
223 1153 387 1190 65—66.
414 1174 456 1178 —
479 1152 674 1198 Moeotide,
697 1153 747 1191 cf.
770 1152 820 1190 ad
843 1151 962 1191 Trist.
986 1152 1064 1191 III.
1087 1153 1147 1198 12,
1170 1153 1205 1191 2.
1231 1174 1274 1179 ——
1295 1151 1468 1191 Euxinis
1487 1183 1494 1190 .
1515 1182 1522 1190 .
1543 1182 1551 1192 .

71 1217 196 1269 aquis,
225 1216 265 1254 in
293 1217 451 1266 regione
478 1216 596 1255 Ponti
624 1217 787 1255 Euxini.

121 1281 169 1320 V.
199 1282 362 1320 61—62.
403 1281 572 1333 liquidas
609 1281 742 1330 secisse.
781 1295 848 1333 per
885 1281 1338 1333 auras...lphi9enian
1380 1281 1461 1328 iter,
1501 1282 1552 1320 cf.

69 1346 123 1385 ad
148 1346 269 1385 Trist.
296 1346 365 1384 IV.
392 1350 428 1392 4,
453 1347 616 1386 67—68.

123 1411 173 1450 V.
203 1411 369 1450 63—64.
399 1411 468 1450 sub
497 1411 609 1457 nube,
638 1411 783 1450 nebula
816 1411 1119 1451 circumdatam.
1148 1434 1190 1439 -—
1218 1411 1377 1458 Phoebe,
1409 1410 1554 1458 Diana,

70 1489 183 1515 soror
206 1475 373 1515 Phoebi.

123 1540 171 1580 V.
201 1541 365 1580 69—70.
400 1540 558 1586 Orestes,
592 1540 694 1579 filius
728 1541 1051 1591 Agamemnonis,
1085 1542 1209 1579 frater
1242 1540 1469 1592 Iphigeniae.
1507 1562 1550 1568 —-

68 1605 249 1657 Pylades,
277 1606 328 1644 cf.
355 1606 407 1644 ad
434 1606 551 1644 Trist.
579 1605 611 1644 Ι.
640 1609 674 1651 5,
701 1607 763 1644 21.

123 1670 173 1709 V.
202 1672 263 1710 71.
306 1670 463 1717 Tririae,
504 1670 647 1716 Diana,
689 1684 776 1720 quae
815 1684 918 1721 saepe
958 1670 1217 1710 confunditur
1255 1684 1347 1710 eum
1384 1670 1553 1717 Hecate,

74 1735 148 1774 dea
180 1735 411 1781 inierorum,
444 1735 485 1773 in
519 1735 648 1774 tn'viis
695 1736 816 1785 (unde
849 1736 1062 1787 τριοδῖτις)
1098 1735 1295 1786 praecipue
1340 1735 1461 1774 culta.
1511 1756 1555 1762 —

74 1799 226 1838 Ambiit
243 1804 286 1838 ut
305 1799 438 1849 fulvas
458 1800 584 1849 insula
607 1800 714 1852 lonqa
735 1813 874 1846 comus,
896 1801 946 1839 cf.
968 1801 1019 1839 ad
1041 1800 1158 1839 Trist.
1181 1800 1250 1840 IV.
1271 1804 1308 1845 4,
1329 1801 1391 1839 78.

123 1863 172 1903 V.
201 1866 265 1904 75.
289 1869 471 1916 tempora,
495 1878 549 1904 sc.
573 1878 659 1903 sua.
688 1888 731 1892 —
756 1865 874 1911 vittis,
899 1879 952 1905 sc.
975 1865 1091 1904 vittis
1114 1865 1264 1911 infulae;
1289 1865 1338 1904 cf.
1363 1865 1414 1903 ad
1438 1864 1556 1903 Trist.

73 1927 144 1968 IV.
168 1931 206 1975 4,
231 1930 294 1968 78.

124 1993 173 2032 V.
202 1994 264 2032 82.
289 1994 500 2040 Consortes,
527 1994 645 2033 cives.
677 2017 719 2022 —
747 1995 853 2034 *urbis
872 2026 880 2033 .
901 2026 908 2033 .
930 2008 1048 2041 ..suaa
1075 2009 1129 2034 sc.
1154 1995 1426 2047 Mycenarum.

123 2057 172 2097 V.
201 2059 262 2097 88.
289 2072 375 2110 par,
402 2072 458 2098 sc.
484 2059 559 2098 hoc
587 2072 659 2110 par
685 2060 916 2099 amicorum.

123 2122 172 2162 V.
201 2124 263 2162 90.
289 2129 432 2169 exarat,
459 2137 512 2163 sc.
537 2124 578 2162 in
603 2124 743 2163 tabula
770 2129 916 2164 cerata.

123 2187 173 2227 V.
201 2189 263 2227 93.
283 2188 327 2227 de
345 2189 483 2240 templo
506 2189 666 2240 rapiunt
690 2189 897 2229 sivzuloora
915 2189 1072 2236 Dianae,
1093 2190 1251 2230 Orestes
1271 2189 1377 2229 enim
1395 2188 1554 2228 oraculo

72 2251 203 2292 iussus
233 2257 292 2292 est
321 2254 396 2293 hoc
425 2253 683 2293 simulacrum
712 2254 851 2293 Dianae
881 2255 1046 2294 domum
1069 2256 1225 2301 referre,
1250 2259 1295 2294 ut·
1319 2254 1554 2293 liberaretur

73 2318 416 2369 persecutionibus
448 2319 674 2365 Furiarum,
701 2332 788 2369 quae
813 2333 904 2358 eum
935 2321 986 2359 ob
1019 2320 1169 2359 caedem
1200 2320 1340 2359 matris
1373 2319 1556 2370 Clytaem-

71 2385 218 2421 nestrae
244 2382 286 2421 in
311 2383 514 2422 insaniam
540 2388 715 2434 egerant.

124 2447 174 2486 V.
204 2449 291 2486 101.
320 2449 501 2488 Ausmzio
521 2479 528 2487 .
549 2479 557 2487 .
578 2480 586 2487 .
603 2449 648 2487 ‘i‘n
672 2449 775 2495 urbe,
800 2449 841 2487 in
868 2450 966 2489 urbe
993 2450 1147 2496 Italica,
1173 2450 1325 2489 Romae.

125 2510 174 2550 V.
205 2513 419 2551 105—106.
463 2513 635 2559 Volesus,
674 2514 728 2552 M.
768 2514 949 2553 Valerius
987 2514 1182 2560 Messalla,
1224 2514 1350 2554 Cottae
1387 2510 1555 2552 Maximi

74 2579 202 2627 pater,
231 2577 426 2627 originem
455 2578 597 2617 ducere
625 2579 848 2629 putabatur
875 2593 897 2618 a
926 2579 1068 2619 Voleso
1096 2579 1267 2625 Valerio,
1297 2579 1365 2629 qui
1392 2575 1555 2617 Romuli

73 2643 256 2692 tempore
279 2655 359 2680 una
385 2655 477 2681 cum
501 2643 591 2682 Tito
617 2643 746 2690 Tatio,
771 2657 860 2694 rege
883 2644 1125 2690 Sannorum,
1150 2644 1325 2683 Romam
1348 2640 1551 2694 migravit.

75 2703 134 2744 Of.
166 2705 254 2744 Liv.
288 2706 343 2744 II.
375 2707 437 2746 30.
472 2729 516 2734 —
548 2707 684 2746 Numa
713 2713 920 2755 maternus,
951 2709 1005 2748 M.
1037 2709 1183 2747 Valerii
1213 2708 1404 2747 Messallae
1434 2718 1550 2752 uxor,

75 2769 205 2810 Gottae
219 2770 387 2809 Maximi
401 2775 543 2818 mater,
560 2772 732 2819 Aurelia,
748 2773 828 2811 filia
844 2773 1001 2812 Marciae
1017 2773 1225 2813 cuiusdam
1240 2773 1360 2812 fuisse
1374 2772 1551 2815 videtum

145 2864 323 2899 Nemethy:
343 2867 387 2892 Acl
409 2866 511 2894 Ovidii
531 2867 700 2900 Epistulas
720 2875 762 2895 ex
782 2869 891 2895 Ponto.
1390 2854 1414 2889 4
