1990 3271
1551 273 1591 306 17

159 396 206 434 V.
239 398 301 433 44.
337 394 546 438 Fomenlis,
581 393 819 431 lenimentis.

158 460 206 498 V.
238 461 402 499 49—50.
435 459 600 503 harenis,
633 458 672 495 in
705 457 819 496 litore
850 458 1042 495 harenoso
1074 457 1193 495 Ponti
1226 457 1385 496 Euxini.
1421 481 1463 486 —-
1499 458 1590 497 Fert

106 524 174 563 ubi
195 528 398 575 perpetuas
420 523 551 561 obruta
577 526 671 560 terra
698 522 813 566 uires,
837 524 888 560 cf.
913 535 1029 572 supra
1055 522 1104 559 ad
1130 521 1162 559 Ι.
1187 523 1222 566 2,
1247 523 1307 560 26.

158 589 204 627 V.
235 591 295 626 51.
325 589 414 627 Non
443 601 529 638 asser
556 587 617 625 hie
654 599 823 638 pomum,
854 600 929 624 uon
957 585 1082 624 dulces
1110 586 1241 624 educat
1269 599 1377 631 uvas,
1405 588 1456 625 cf.
1487 587 1590 626 infra

108 653 139 691 Ι.
155 655 191 698 7,
209 654 271 691 13:
285 652 408 701 «regio
426 665 496 690 nee
517 664 635 702 pomo
650 652 730 689 feta
746 664 816 689 nec
831 650 936 688 uvis»)
949 656 987 688 et
1004 650 1054 688 ad
1070 650 1186 688 Trist.
1204 650 1280 688 III.
1299 652 1358 695 10,
1375 653 1587 691 71—73.—

106 718 250 761 educat,
285 718 375 761 fert,
408 721 452 754 ut
487 715 628 755 Catull.
661 717 722 760 62,
755 717 818 754 50:
848 728 1075 764 «nunquam
1106 714 1246 753 mitem
1278 715 1421 754 educat
1453 729 1592 755 uvam»

105 785 145 820 et
183 781 324 820 Tibull.
364 781 395 819 I.
435 783 469 825 1,
508 782 570 819 13:
616 780 914 830 «qu‹;›deuinque
949 779 1046 818 mihi
1082 792 1246 830 pomum
1282 793 1409 818 novus
1447 781 1591 820 educat

106 857 262 884 annus».

154 911 202 949 V.
236 911 398 948 53—54.
429 909 580 958 fretum.
610 922 730 948 mare.
766 932 807 936 —
842 909 1049 948 Ventorum
1077 909 1193 955 rabie,
1223 909 1376 947 Pontus
1405 909 1587 949 Euxinus

105 988 210 1014 nunc
244 987 403 1024 quoque
437 973 745 1025 tempestatibus
779 973 938 1012 infamis
973 978 1044 1012 est.

154 1039 201 1078 V.
232 1041 292 1078 56.
323 1052 407 1091 quoe
434 1052 542 1077 uenu)
571 1038 746 1083 vindicet,
777 1051 829 1077 sc.
859 1038 950 1084 sibi3
981 1051 1068 1088 quae
1096 1038 1242 1077 nullius
1271 1038 1312 1077 in
1341 1038 1586 1089 possessione

105 1107 212 1142 sunt.

153 1169 200 1207 V.
222 1169 383 1207 59—60.
407 1168 538 1206 Altera
560 1168 760 1206 Bistonias
780 1182 871 1219 pars
888 1172 942 1206 est
959 1181 1121 1206 sensura
1139 1168 1318 1214 sarissas,
1338 1181 1363 1205 1.
1384 1181 1416 1206 e.
1436 1168 1586 1219 regioni

103 1233 318 1272 Tomorum
341 1246 361 1270 a
385 1238 500 1283 parte
534 1232 781 1271 meridionali
814 1232 1026 1271 imminent
1055 1234 1146 1271 ferae
1171 1232 1344 1272 Thraciae
1367 1236 1515 1283 gentes.
1542 1256 1586 1262 —-

103 1298 316 1343 Bistonias,
347 1300 396 1336 ct'.
428 1298 477 1335 ad
509 1297 625 1335 Trist.
657 1297 688 1336 Ι.
720 1300 780 1342 10,
810 1299 973 1336 23—24.
1007 1321 1049 1326 —-
1080 1297 1260 1344 sarissa&
1289 1298 1414 1336 hastae
1444 1297 1585 1348 longis-

104 1362 226 1408 simae,
248 1362 393 1412 quibus
414 1362 650 1401 Macedones
674 1362 871 1412 praeeipue
891 1362 1122 1400 utebantur.
1149 1386 1192 1390 —
1217 1362 1351 1402 Altera
1371 1363 1587 1402 Sarmatica

102 1430 192 1472 etc„
235 1439 257 1464 a
280 1431 394 1477 parte
417 1426 697 1477 seprentionali
720 1427 929 1465 innninent
952 1427 1157 1472 Sarmatae,
1182 1427 1334 1477 equites
1357 1427 1443 1473 feri,
1466 1427 1584 1466 litora

100 1491 427 1542 septentrionalia
458 1491 577 1529 Ponti
607 1491 755 1529 Euxini
785 1491 1014 1530 incolentes.

151 1556 198 1595 V.
225 1557 286 1594 61.
313 1556 335 1594 1
361 1569 476 1601 nune,
504 1569 586 1606 age.

150 1620 197 1659 V.
225 1621 286 1659 63.
310 1620 449 1666 Rutili,
476 1621 520 1658 P.
548 1620 726 1659 Rutilius
753 1621 883 1659 Rufus
909 1621 1125 1660 consularis
1152 1634 1216 1660 an.
1236 1623 1296 1660 92.
1318 1634 1352 1659 a.
1382 1621 1469 1660 Chr.
1495 1635 1534 1660 n.
1562 1634 1585 1660 a

98 1685 322 1736 publicanis
342 1685 655 1736 repetundarum
677 1690 886 1724 accusatus
907 1690 946 1724 et
966 1685 1007 1723 in
1029 1686 1192 1724 exilium
1213 1690 1326 1725 actus
1347 1690 1422 1732 est3
1443 1689 1583 1737 postea

99 1763 120 1788 a
148 1749 255 1790 Sulla
284 1754 497 1788 revocatus
525 1763 604 1788 non
633 1750 763 1795 rediit,
794 1751 862 1788 sed
890 1750 1037 1789 mansit
1065 1751 1256 1801 Smyrnae,
1285 1750 1326 1789 in
1354 1751 1451 1790 urbe
1480 1751 1582 1790 Asiae

99 1827 270 1859 amoena,
309 1814 536 1852 litterarum
574 1814 715 1852 studiis
755 1815 924 1853 deditus.

152 1879 199 1918 V.
233 1879 294 1917 65.
325 1879 485 1923 Pontus,
518 1879 624 1929 regio
656 1879 776 1917 Ponti
808 1879 969 1918 Euxini.

153 1944 200 1981 V.
231 1944 291 1983 67.
320 1944 516 1994 Cynicus.
539 1974 546 1981 .
568 1974 574 1981 .
593 1944 797 1995 Sinopeus,
830 1944 1024 1994 Diogenes
1053 1949 1172 1983 natus
1202 1945 1302 1983 eirea
1334 1958 1396 1982 an.
1427 1947 1513 1984 404.
1546 1958 1582 1983 a.

99 2008 187 2046 Chr.
213 2021 252 2046 n.
278 2021 357 2046 una
382 2022 474 2046 cum
499 2016 612 2059 patre
637 2022 685 2046 ex
710 2009 806 2047 iube
830 2009 956 2047 natali
980 2009 1021 2047 in
1045 2009 1160 2048 litore
1185 2009 1437 2048 meridionali
1463 2009 1582 2048 Ponti

96 2072 246 2111 Euxini
279 2073 368 2118 sita,
402 2073 559 2123 Sinope,
594 2073 730 2124 pulsus
766 2074 943 2112 Athenas
978 2087 1019 2112 se
1052 2074 1221 2113 contulit
1257 2079 1295 2112 et
1331 2073 1581 2113 Antisthenis

97 2136 324 2187 magisterio
355 2150 449 2176 usus
480 2137 737 2188 philosophus
770 2138 938 2189 Cynicus
970 2138 1099 2177 evasit
1131 2138 1419 2178 celeberrimus.

146 2202 193 2240 V.
223 2203 386 2241 60—79.
416 2202 628 2248 Neoclides,
659 2203 956 2249 Themistocles,
984 2203 1114 2242 victor
1140 2203 1394 2249 Salaminius,
1425 2203 1579 2243 Neoclis

98 2265 215 2312 filius,
243 2266 410 2305 Athenis
437 2267 573 2318 pulsus
599 2267 773 2318 primum
803 2269 940 2318 Argos,
969 2268 1111 2306 deinde
1138 2268 1189 2306 ad
1213 2281 1346 2318 regem
1371 2268 1583 2307 Persarum

96 2331 291 2381 confugit.

147 2395 195 2434 V.
231 2397 291 2435 71.
329 2395 533 2442 Aristides,
568 2396 730 2436 iustitiae
766 2398 875 2435 fama
897 2397 1120 2448 praeolarus,
1147 2397 1314 2437 Athenis
1349 2397 1581 2437 ostracismo

97 2459 283 2510 expulsus
305 2461 493 2511 Spartam
517 2474 557 2499 se
581 2461 764 2500 contulit.

147 2524 194 2562 V.
218 2525 380 2564 73—74.
400 2525 614 2571 Patroclus,
639 2526 800 2565 Achillis
823 2526 987 2573 amicus,
1011 2527 1184 2578 Opunte,
1207 2526 1249 2565 in
1269 2527 1368 2566 urbe
1388 2526 1578 2573 Locridis,

97 2587 243 2627 occidit
274 2589 444 2640 Clysony
447 2604 571 2636 mum,
597 2591 947 2642 Amphidamantis
976 2591 1103 2630 filium
1131 2591 1405 2642 ultionemque
1433 2592 1578 2630 timens

94 2652 275 2703 confugit
296 2653 487 2692 Phthiam
509 2655 560 2693 ad
581 2655 759 2701 Peleum,
783 2655 946 2695 Achillis
968 2661 1137 2707 patrem.
1164 2680 1207 2684 —
1233 2656 1519 2730 sl'Pzessalwatii.

95 2717 269 2763 humum,
295 2717 441 2757 Phthia
465 2719 571 2758 enim
595 2724 679 2758 erat
703 2721 796 2759 urbs
821 2720 1043 2760 Thessaliae.

167 2811 343 2846 Ne'mothy.
361 2814 408 2840 Ad
431 2814 534 2841 Ovidii
557 2815 725 2848 Epistulas
744 2822 786 2843 ex
806 2816 912 2842 Ponto.
1414 2803 1434 2836 2
