1990 3271
1558 276 1599 308 19

117 401 248 445 Iason,
279 400 441 438 Aesonis
471 400 585 444 filius,
616 400 697 437 (lux
728 400 1061 448 Argonautarum,
1091 398 1156 448 qui
1189 399 1362 435 Pontum
1391 397 1596 436 Euxinum

115 465 265 517 primus
294 464 569 515 pcrnzivigavit
599 464 716 508 Iolco,
743 478 790 501 ex
820 465 916 501 urbe
945 462 1168 507 'lflivssalizm
1200 462 1362 501 Colchos
1392 467 1543 513 petens.

168 530 214 568 V.
250 531 311 568 26.
346 530 505 568 nomina
544 543 691 579 maqna,
728 542 779 566 sc.
817 529 980 566 heroum
1017 527 1285 576 antiquitatis.
1327 550 1367 554 —
1406 530 1596 578 premunt,

115 594 360 645 opprimunt.

167 659 214 697 V.
247 661 308 698 27.
339 659 463 703 Pelia,
498 658 638 702 Pelias,
672 661 838 707 patruus
872 656 1037 700 Iasonis,
1071 655 1137 705 qui
1173 656 1354 694 Iasonem
1388 655 1437 693 ad
1470 655 1596 694 vellus

115 737 280 762 aureum
311 723 625 773 conil‘mramlum
656 721 694 759 in
730 721 954 760 Colchidem
986 720 1107 759 misit.

168 788 214 826 V.
240 790 302 826 30.
328 791 485 839 utraque
510 791 619 831 terra,
647 786 774 824 oriens
801 791 839 824 et
865 785 1058 824 occidens.

167 852 214 891 V.
243 854 303 890 31.
333 852 518 891 Iimctior.
548 851 718 902 propior.
752 874 792 878 —-
822 850 1042 895 Haemonict,
1073 849 1285 888 Thessalia.
1318 872 1360 876 —
1387 849 1594 888 Ponto...

114 917 286 962 sinistro,
310 918 359 955 cf.
385 917 434 954 ad
459 916 575 954 Trist.
602 916 633 954 I.
657 917 692 961 2,
718 917 778 954 83.

168 982 214 1020 V.
241 982 404 1019 33—34.
434 981 602 1020 Achivoe.
631 981 786 1019 Graecae.
818 1004 859 1007 —
886 984 1057 1019 'nostram
1081 979 1207 1018 cwzeti
1232 979 1428 1017 destituere
1452 978 1597 1029 suqam,

114 1047 167 1086 ef.
200 1046 250 1084 ad
282 1045 399 1084 Trist.
433 1046 464 1084 Ι.
498 1049 532 1090 5,
565 1048 625 1083 64.

167 1111 214 1149 V.
238 1111 298 1148 36.
326 1111 556 1155 Aesoniden,
579 1112 629 1149 cf.
652 1123 772 1161 supra
794 1110 844 1148 ad
866 1122 924 1147 vs.
949 1111 1010 1148 23.
1039 1132 1080 1135 —
1104 1122 1212 1147 sacra
1235 1108 1381 1154 carina,
1405 1108 1454 1147 cf.
1478 1120 1598 1159 supra

117 1176 168 1214 ad
201 1175 232 1213 Ι.
264 1177 300 1221 3,
332 1176 392 1215 76.

170 1241 216 1278 V.
250 1241 311 1280 37.
349 1240 508 1292 Tiphys,
543 1240 783 1289 gubernator
817 1240 1151 1288 Argonautarum.
1190 1261 1232 1264 —
1269 1238 1437 1288 Aqenore
1468 1241 1597 1283 natus,

119 1304 305 1350 Phineus,
345 1318 415 1343 rex
455 1318 578 1343 ezec-us
616 1303 856 1354 Salmydessi
895 1303 935 1341 in
977 1303 1156 1347 Thracia,
1198 1316 1317 1352 quem
1357 1303 1598 1352 Argonautae

118 1369 399 1408 vexationibus
428 1369 687 1419 harpyiarum
715 1369 997 1407 liberaverunt.
1031 1368 1160 1415 Quare
1188 1367 1252 1405 ille
1282 1367 1414 1406 Iasoni
1444 1367 1495 1405 ad
1523 1367 1599 1405 iter

119 1433 347 1473 faciendum
377 1435 481 1473 bona
514 1433 623 1472 dedit
654 1433 827 1472 consilia.

171 1499 219 1538 V.
255 1501 418 1537 41—42.
455 1498 580 1537 iuvere
614 1498 826 1550 Cupidinis
862 1502 971 1542 artes,
1009 1510 1060 1536 sc.
1098 1510 1189 1535 eum
1226 1510 1401 1535 amorem
1436 1496 1596 1542 Medeae,

119 1563 207 1603 filiae
229 1564 374 1609 Aeetae,
396 1563 497 1613 regis
521 1563 767 1609 Colchorum,
789 1562 863 1601 sibi
885 1561 1128 1601 conciliavit.
1156 1585 1198 1589 —
1223 1561 1327 1610 Quas
1349 1575 1373 1599 α
1394 1574 1451 1600 me
1472 1561 1603 1600 vellem

118 1641 197 1668 ‘non
225 1628 418 1668 didicisset
449 1630 581 1674 Amor,
612 1628 752 1666 alludit
782 1628 832 1665 ad
863 1628 1000 1665 Artem
1031 1626 1292 1665 Amatoriam.

171 1693 218 1732 V.
253 1696 315 1731 44.
351 1693 423 1739 dei,
460 1693 642 1743 Augusti.

170 1757 219 1796 V.
249 1759 411 1796 55—56.
440 1758 669 1803 Caesaribus,
697 1758 876 1807 Augusto
902 1760 941 1795 et
967 1756 1134 1801 Tiberio,
1163 1755 1297 1794 heredi
1323 1755 1417 1794 eius.
1447 1779 1490 1783 —
1516 1767 1604 1794 oum

119 1822 289 1874 coniuge,
318 1822 444 1867 Livia,
473 1836 574 1861 uxor
603 1822 784 1872 Augusti.
818 1845 860 1849 —
892 1821 1061 1866 memori,
1091 1824 1218 1870 grata.

172 1887 220 1926 V.
257 1889 418 1926 57—58.
454 1887 680 1926 Nlemnonis
715 1887 812 1925 hanc
853 1886 1006 1925 utinam
1024 1916 1031 1923 .
1052 1916 1060 1923 .
1081 1916 1088 1923 .
1106 1889 1223 1924 mater
1267 1885 1392 1934 Quam
1433 1885 1606 1937 primum

119 1964 224 1992 roseo
247 1956 415 2004 provocet
438 1965 498 1991 ore
521 1952 634 1997 diem,
659 1952 709 1991 cf.
735 1951 877 1990 'sibulL
904 1951 934 1989 Ι.
960 1952 996 1995 3,
1021 1951 1187 1989 93-94:
1209 1950 1330 1989 «himo
1354 1949 1467 1988 illum
1489 1949 1604 1988 nobis

122 2017 275 2056 Aurora
311 2016 508 2055 nitentem
545 2016 772 2055 Luciferum
808 2016 929 2055 roseis
967 2015 1137 2053 candida
1174 2018 1308 2065 portet
1347 2014 1488 2064 equis»;
1528 2015 1603 2054 Ov.

122 2081 211 2120 Am.
238 2081 292 2120 II.
320 2083 379 2127 11,
407 2085 469 2120 55:
493 2082 606 2120 «Haee
641 2081 738 2120 mihi
764 2094 886 2131 quam
910 2080 1084 2131 primum
1109 2079 1202 2118 eaelo
1227 2079 1496 2117 nitidissimus
1521 2079 1605 2118 alto

121 2145 280 2185 Lucifer
307 2146 480 2185 admisso
508 2150 689 2197 tempora
717 2149 850 2196 portet
879 2157 997 2195 equo»
1024 2148 1063 2183 et
1092 2144 1209 2183 Trist.
1240 2144 1317 2182 ΙΠ.
1347 2147 1382 2189 5,
1412 2147 1476 2182 55:
1503 2144 1605 2182 «Hos

121 2210 280 2249 utinam
316 2210 432 2249 nitidi
469 2210 568 2251 Solis
606 2210 852 2262 praenuntius
891 2213 1002 2248 ortus
1042 2210 1197 2248 Afferat
1236 2208 1409 2247 admisso
1448 2208 1607 2247 Lucifer

122 2274 236 2314 albus
274 2287 403 2326 equo».
446 2299 489 2303 —
527 2275 753 2315 Memnoni-s
772 2305 780 2313 .
801 2305 808 2313 .
829 2306 837 2313 .
855 2279 984 2320 mater,
1025 2275 1191 2320 Aurora,
1230 2273 1341 2312 cuius
1379 2273 1482 2312 filius
1521 2276 1607 2312 erat

121 2339 323 2386 Memnon,
355 2353 426 2379 rex
458 2341 713 2391 Aethiopum.
751 2364 794 2367 —
827 2339 1017 2392 principe,
1052 2340 1246 2389 Augusto.

690 2481 777 2521 [sib.
803 2481 840 2521 I.
864 2480 976 2533 epist.
1000 2481 1038 2520 5.

573 2563 646 2607 Ad
678 2563 866 2607 Cottam
896 2563 1164 2606 Maximum.

179 2663 297 2702 Cotta
329 2663 541 2710 Maximus,
577 2664 727 2703 amicus
763 2663 896 2704 Ovidii
929 2663 1108 2709 intimus,
1144 2662 1220 2701 fuit
1255 2661 1357 2701 filius
1392 2661 1522 2700 minor
1554 2662 1609 2701 M.

126 2726 273 2767 Valerii
310 2728 500 2767 Messallae
541 2729 713 2775 Corvini,
753 2728 997 2767 celeberrimi
1034 2728 1138 2766 illius
1178 2730 1390 2778 poetarum
1428 2725 1609 2771 fautoris,

1423 2808 1468 2842 2*
