1990 3271
1526 304 1568 338 61

90 428 269 482 pomaria
305 428 471 474 Alcinoi,
511 428 612 478 regis
651 428 877 473 Phaeacum,
919 428 1170 467 celebrantur
1208 428 1330 467 Hom.
1366 427 1441 467 Od.
1475 426 1570 466 VII.

89 495 177 535 112.
199 505 287 544 sqq.

142 559 190 598 V.
222 559 285 597 11.
307 557 510 602 Helicona,
534 557 584 596 cs.
608 557 659 595 ad
683 556 801 595 Trist.
826 556 895 595 IV.
921 558 956 602 1,
980 558 1040 595 50.

142 624 190 662 V.
221 625 281 662 13.
312 623 491 672 frondes.
513 652 520 659 .
542 621 702 660 ,αᾶᾱενο
732 621 854 666 silvis,
888 620 1146 671 proverbialis
1178 620 1326 659 locutio
1359 621 1407 659 de
1438 620 1574 660 labore

89 700 356 739 supervacuo;
379 689 429 726 ef.
451 687 502 725 ad
525 686 557 725 I.
581 689 616 731 5,
639 687 703 725 22:
722 686 900 725 «frondes
923 686 1089 736 Alpibus
1111 685 1234 723 addat
1258 685 1393 724 Atho».

143 753 191 793 V.
222 754 282 791 10.
319 752 410 791 liius
443 764 522 796 aro,
548 751 807 801 proverbialis
841 751 989 789 locutio
1025 751 1073 789 de
1106 750 1240 788 labore
1273 750 1402 796 irrito:
1436 750 1487 789 cf.
1521 749 1573 788 ad

93 817 213 857 Trist.
238 817 286 856 V.
311 820 348 862 4,
373 818 434 855 43.

141 883 190 921 V.
220 884 280 921 17.
307 895 434 926 vertas,
462 880 582 919 rivos.
614 903 656 907 —
685 884 856 926 eoecaecat,
883 881 1061 919 obtm-at.

142 947 190 986 V.
219 947 383 986 21—22.
417 946 461 984 in
494 945 565 984 hae
595 945 728 997 ipsum
758 950 853 984 {erra
889 945 1076 997 posuisset
1108 944 1333 990 Homerum,
1368 945 1418 984 cf.
1454 943 1573 983 Trist-

94 1011 127 1051 Ι.
158 1014 194 1057 1,
224 1014 289 1050 47:
316 1011 394 1050 «Da
426 1010 524 1049 mihi
552 1010 774 1049 Maeoniden
805 1016 844 1049 et
874 1015 934 1049 tot
967 1009 1176 1049 circumice
1205 1022 1332 1055 casus,
1363 1008 1574 1059 Ingenium

91 1076 218 1116 tantis
241 1076 396 1115 excidet
419 1088 537 1114 omne
558 1075 700 1113 malis».
727 1098 769 1102 —
794 1075 913 1120 Getes,
935 1075 960 1113 i.
984 1090 1016 1113 e.
1040 1075 1246 1113 barbarus.

142 1141 190 1180 V.
219 1142 281 1180 23.
307 1140 460 1186 studiis,
487 1153 540 1179 sc.
567 1140 745 1190 poeticis.
776 1163 818 1167 —
848 1140 991 1185 remisi,
1018 1146 1228 1189 tamquam
1253 1138 1402 1177 laxavi.

142 1206 191 1245 V.
219 1207 282 1245 27.
307 1206 358 1244 ad
379 1210 518 1256 partes,
543 1218 596 1244 se.
621 1205 672 1243 ad
696 1209 829 1256 partes
853 1218 944 1243 51135
969 1205 1156 1255 agendas,
1180 1204 1232 1243 ad
1255 1216 1400 1242 munus
1424 1204 1572 1243 obeun-

92 1270 202 1310 dum.
231 1293 273 1298 -
300 1270 456 1315 tabellae,
480 1283 534 1309 sc.
559 1275 713 1309 ceratae.

143 1335 191 1374 V.
221 1337 283 1374 30.
308 1335 494 1381 ‘numm-is,
520 1335 714 1373 versibus.

142 1400 191 1439 V.
220 1402 282 1439 32.
314 1400 568 1451 Principium
602 1400 749 1438 nostrl.
771 1399 932 1445 ..7710le
969 1399 1111 1438 alludit
1147 1399 1198 1437 ad
1235 1400 1374 1437 Artem
1409 1399 1573 1438 Amato-

90 1465 205 1511 riam,
231 1478 309 1515 qua
336 1465 506 1515 Augusti
528 1464 630 1503 iram
653 1465 826 1515 primum
849 1465 889 1502 in
913 1478 953 1503 se
976 1464 1112 1503 vertit.

142 1529 190 1568 V.
219 1531 281 1568 33.
303 1543 525 1569 numerosos
548 1543 685 1581 ponere.
705 1543 866 1580 messus,
891 1530 1049 1568 saltare.

142 1595 190 1634 V.
220 1596 280 1634 37.
304 1595 481 1640 Corallis,
505 1608 601 1645 gens
624 1595 664 1632 in
688 1595 826 1633 Moesia
850 1595 1047 1639 inferiore,
1071 1594 1122 1632 ad
1146 1606 1255 1632 mare
1277 1593 1496 1632 Euxinum.

143 1659 192 1698 V.
221 1661 283 1698 41.
305 1673 374 1698 nec
393 1659 542 1702 vinam.
565 1661 615 1698 ef.
638 1673 756 1710 supra
782 1660 813 1698 Ι.
838 1663 873 1705 5,
895 1663 960 1698 45;
981 1659 1079 1698 «Nec
1100 1659 1215 1697 iuvat
1236 1658 1277 1696 in
1298 1658 1429 1697 lucem
1447 1657 1572 1697 nimio

93 1737 332 1763 marcescere
361 1725 484 1763 vino».
519 1747 562 1751 —
594 1724 677 1763 alea.
706 1724 840 1773 fallax,
872 1725 922 1763 cf.
953 1737 1075 1775 supra
1107 1724 1139 1763 Ι.
1172 1727 1207 1769 5,
1237 1724 1303 1762 46:
1331 1723 1431 1762 «Nec
1460 1725 1572 1762 tenet

91 1788 263 1828 incertas
287 1789 373 1827 alea
396 1789 543 1827 blanda
567 1802 736 1827 manus».

141 1853 190 1892 V.
218 1855 280 1892 43.
301 1853 337 1892 si
356 1867 425 1905 per
441 1854 522 1903 fera
543 1854 636 1892 bella
657 1854 792 1899 liceret,
814 1854 864 1893 cf.
884 1866 1002 1904 supra
1025 1853 1057 1892 1.
1078 1855 1114 1899 8,
1134 1854 1300 1892 41—62.

140 1918 190 1957 V.
218 1920 383 1957 45—46.
407 1919 596 1964 Pierides,
623 1918 762 1963 Musae:
790 1919 841 1957 ef.
869 1919 920 1957 ad
948 1918 1066 1957 Trist.
1095 1918 1173 1957 ΠΙ.
1201 1920 1237 1963 2,
1265 1919 1378 1956 3-4,
1409 1940 1452 1944 -
1480 1916 1574 1956 Non

90 1981 181 2022 be‘ne
201 1983 246 2022 de
265 1983 376 2022 nobis
396 1997 481 2036 quae
500 1997 666 2022 *meruere
687 1984 766 2022 deoe
786 1984 835 2022 cf.
857 1997 976 2034 supra
999 1983 1050 2022 ad
1070 1996 1130 2022 vs.
1153 1984 1214 2022 32.

139 2048 188 2087 V.
216 2050 279 2088 47.
317 2049 473 2088 Aonius
512 2049 611 2098 fons,
647 2049 736 2088 fons
771 2048 993 2094 Musarum,
1029 2048 1297 2099 Hippocrene,
1331 2046 1374 2085 in
1409 2046 1572 2086 Boeotia.

88 2113 164 2152 sub
186 2116 325 2152 monte
347 2113 551 2152 Helieone.
580 2136 623 2140 —
650 2113 818 2159 Aonius,
843 2113 984 2159 Aonia,
1007 2118 1125 2152 vetus
1148 2125 1295 2152 nomen
1318 2111 1498 2151 Boeo‘t-iae.

139 2177 188 2217 V.
217 2179 280 2216 49.
307 2179 500 2230 Sacraque
523 2179 748 2224 Musarum,
775 2179 825 2217 cf.
852 2178 903 2217 ad
931 2178 985 2217 Π.
1012 2179 1048 2225 9,
1075 2179 1137 2217 64.

638 2355 724 2395 Μ).
749 2355 826 2397 JV.
852 2355 965 2407 epm.
989 2355 1028 2395 3.

535 2454 610 2498 Ad
641 2454 844 2498 amicum
874 2453 1125 2498 infidelem.

138 2564 301 2604 Amicus
334 2565 400 2605 hic
431 2565 603 2605 infidelis
639 2566 775 2606 Ovidii
809 2566 898 2616 quis
933 2566 1054 2605 suerit
1087 2565 1330 2616 ignoramus.
1366 2565 1477 2604 Alius
1512 2568 1572 2604 est

86 2628 273 2670 inimicus
299 2630 378 2677 ille,
407 2631 458 2669 ad
487 2643 608 2681 quem
633 2631 793 2682 scriptae
820 2635 915 2670 sunt
944 2631 1063 2670 Trist.
1094 2630 1172 2670 ΙΠ.
1202 2632 1264 2670 11.
1293 2630 1363 2670 IV.
1392 2631 1429 2670 9.
1456 2630 1505 2670 V.
1534 2631 1571 2668 8.

86 2697 128 2734 et
153 2693 253 2734 Ibi-s.

137 2759 187 2798 V.
216 2761 253 2800 7.
275 2760 464 2800 contraxit
483 2760 632 2800 vultum
655 2761 844 2807 Fortuna,
868 2762 918 2800 cf.
943 2760 995 2800 ad
1019 2760 1089 2799 IV.
1114 2762 1150 2807 1,
1175 2763 1211 2799 5.
