<?xml version="1.0" encoding="UTF-8"?>
<!DOCTYPE html PUBLIC "-//W3C//DTD XHTML 1.0 Transitional//EN"
    "http://www.w3.org/TR/xhtml1/DTD/xhtml1-transitional.dtd">
<html xmlns="http://www.w3.org/1999/xhtml" xml:lang="en" lang="en">
 <head>
  <title>
</title>
<meta http-equiv="Content-Type" content="text/html;charset=utf-8" />
  <meta name='ocr-system' content='tesseract 3.04.00' />
  <meta name='ocr-capabilities' content='ocr_page ocr_carea ocr_par ocr_line ocrx_word'/>
</head>
<body>
  <div class='ocr_page' id='page_1' title='image "./commentariusexeg00nmuoft_0040.png"; bbox 0 0 1990 3271; ppageno 0'>
   <div class='ocr_carea' id='block_1_1' title="bbox 359 296 404 329">
    <p class='ocr_par' dir='ltr' id='par_1_1' title="bbox 359 296 404 329">
     <span class='ocr_line' id='line_1_1' title="bbox 359 296 404 329; baseline 0 0"><span class='ocrx_word' id='word_1_1' title='bbox 359 296 404 329; x_wconf 71' lang='lat'>22</span> 
     </span>
    </p>
   </div>
   <div class='ocr_carea' id='block_1_2' title="bbox 357 410 1844 1881">
    <p class='ocr_par' dir='ltr' id='par_1_2' title="bbox 411 410 1634 460">
     <span class='ocr_line' id='line_1_2' title="bbox 411 410 1634 460; baseline -0.006 -5"><span class='ocrx_word' id='word_1_2' title='bbox 411 417 456 455; x_wconf 85' lang='grc' dir='ltr'>Υ.</span> <span class='ocrx_word' id='word_1_3' title='bbox 481 418 515 454; x_wconf 84' lang='lat'>6.</span> <span class='ocrx_word' id='word_1_4' title='bbox 541 430 562 455; x_wconf 80' lang='lat' dir='ltr'><em>a</em></span> <span class='ocrx_word' id='word_1_5' title='bbox 587 414 752 454; x_wconf 77' lang='lat' dir='ltr'>studiis.</span> <span class='ocrx_word' id='word_1_6' title='bbox 774 444 781 451; x_wconf 92' lang='lat'>.</span> <span class='ocrx_word' id='word_1_7' title='bbox 802 444 809 451; x_wconf 94' lang='lat'>.</span> <span class='ocrx_word' id='word_1_8' title='bbox 828 413 920 457; x_wconf 77' lang='lat' dir='ltr'>iuis,</span> <span class='ocrx_word' id='word_1_9' title='bbox 946 425 998 451; x_wconf 85' lang='lat' dir='ltr'>sc.</span> <span class='ocrx_word' id='word_1_10' title='bbox 1024 411 1166 450; x_wconf 84' lang='lat' dir='ltr'>studiis</span> <span class='ocrx_word' id='word_1_11' title='bbox 1190 410 1337 449; x_wconf 77' lang='lat' dir='ltr'>artium</span> <span class='ocrx_word' id='word_1_12' title='bbox 1359 410 1634 460; x_wconf 82' lang='lat' dir='ltr'>ingenuarum.</span> 
     </span>
    </p>

    <p class='ocr_par' dir='ltr' id='par_1_3' title="bbox 359 475 1840 596">
     <span class='ocr_line' id='line_1_3' title="bbox 411 475 1840 529; baseline -0.002 -10"><span class='ocrx_word' id='word_1_13' title='bbox 411 482 456 519; x_wconf 91' lang='grc' dir='ltr'>Υ.</span> <span class='ocrx_word' id='word_1_14' title='bbox 492 482 549 519; x_wconf 79' lang='lat'>12.</span> <span class='ocrx_word' id='word_1_15' title='bbox 583 479 751 523; x_wconf 74' lang='lat' dir='ltr'>attonito.</span> <span class='ocrx_word' id='word_1_16' title='bbox 784 491 836 517; x_wconf 85' lang='lat' dir='ltr'>se.</span> <span class='ocrx_word' id='word_1_17' title='bbox 871 477 1001 516; x_wconf 83' lang='lat' dir='ltr'>edicto</span> <span class='ocrx_word' id='word_1_18' title='bbox 1032 475 1219 527; x_wconf 85' lang='lat' dir='ltr'>principis</span> <span class='ocrx_word' id='word_1_19' title='bbox 1253 475 1319 525; x_wconf 86' lang='lat' dir='ltr'>(cf.</span> <span class='ocrx_word' id='word_1_20' title='bbox 1353 475 1472 514; x_wconf 79' lang='lat' dir='ltr'>Trist.</span> <span class='ocrx_word' id='word_1_21' title='bbox 1506 475 1560 515; x_wconf 89' lang='grc' dir='ltr'>Π.</span> <span class='ocrx_word' id='word_1_22' title='bbox 1594 477 1840 529; x_wconf 83' lang='grc'><strong>135-136.),</strong></span> 
     </span>
     <span class='ocr_line' id='line_1_4' title="bbox 359 545 763 596; baseline -0.01 -12"><span class='ocrx_word' id='word_1_23' title='bbox 359 559 438 596; x_wconf 86' lang='lat' dir='ltr'>quo</span> <span class='ocrx_word' id='word_1_24' title='bbox 466 545 661 595; x_wconf 63' lang='lat' dir='ltr'>relegatus</span> <span class='ocrx_word' id='word_1_25' title='bbox 690 548 763 581; x_wconf 77' lang='lat' dir='ltr'>est.</span> 
     </span>
    </p>

    <p class='ocr_par' dir='ltr' id='par_1_4' title="bbox 360 603 1841 713">
     <span class='ocr_line' id='line_1_5' title="bbox 411 603 1841 660; baseline -0.002 -12"><span class='ocrx_word' id='word_1_26' title='bbox 411 610 457 648; x_wconf 85' lang='lat' dir='ltr'>V.</span> <span class='ocrx_word' id='word_1_27' title='bbox 499 612 557 647; x_wconf 70' lang='lat'>18.</span> <span class='ocrx_word' id='word_1_28' title='bbox 599 607 1027 660; x_wconf 72' lang='lat' dir='ltr'>Alloquioque...tuo‚</span> <span class='ocrx_word' id='word_1_29' title='bbox 1067 604 1091 642; x_wconf 90' lang='lat' dir='ltr'>i.</span> <span class='ocrx_word' id='word_1_30' title='bbox 1131 617 1163 642; x_wconf 69' lang='lat' dir='ltr'>e.</span> <span class='ocrx_word' id='word_1_31' title='bbox 1203 604 1328 643; x_wconf 84' lang='lat' dir='ltr'>scribe</span> <span class='ocrx_word' id='word_1_32' title='bbox 1365 603 1462 643; x_wconf 85' lang='lat' dir='ltr'><strong>mihi</strong></span> <span class='ocrx_word' id='word_1_33' title='bbox 1501 604 1715 656; x_wconf 79' lang='lat' dir='ltr'><strong>epistulam</strong></span> <span class='ocrx_word' id='word_1_34' title='bbox 1750 619 1841 646; x_wconf 82' lang='lat' dir='ltr'>con-</span> 
     </span>
     <span class='ocr_line' id='line_1_6' title="bbox 360 674 603 713; baseline -0.008 0"><span class='ocrx_word' id='word_1_35' title='bbox 360 674 603 713; x_wconf 76' lang='lat' dir='ltr'>solatorium.</span> 
     </span>
    </p>

    <p class='ocr_par' dir='ltr' id='par_1_5' title="bbox 411 733 1789 785">
     <span class='ocr_line' id='line_1_7' title="bbox 411 733 1789 785; baseline -0.001 -8"><span class='ocrx_word' id='word_1_36' title='bbox 411 739 457 777; x_wconf 89' lang='lat' dir='ltr'>V.</span> <span class='ocrx_word' id='word_1_37' title='bbox 482 741 543 777; x_wconf 77' lang='lat'>20.</span> <span class='ocrx_word' id='word_1_38' title='bbox 568 738 692 777; x_wconf 74' lang='lat' dir='ltr'>Stulta</span> <span class='ocrx_word' id='word_1_39' title='bbox 719 735 837 785; x_wconf 72' lang='lat' dir='ltr'>mayis</span> <span class='ocrx_word' id='word_1_40' title='bbox 856 765 862 772; x_wconf 93' lang='lat'>.</span> <span class='ocrx_word' id='word_1_41' title='bbox 884 765 890 772; x_wconf 94' lang='lat'>.</span> <span class='ocrx_word' id='word_1_42' title='bbox 912 765 919 771; x_wconf 96' lang='lat'>.</span> <span class='ocrx_word' id='word_1_43' title='bbox 938 747 1050 785; x_wconf 77' lang='lat' dir='ltr'>quam</span> <span class='ocrx_word' id='word_1_44' title='bbox 1074 733 1266 778; x_wconf 78' lang='lat' dir='ltr'>scelerata,</span> <span class='ocrx_word' id='word_1_45' title='bbox 1291 734 1342 772; x_wconf 80' lang='lat' dir='ltr'>ef.</span> <span class='ocrx_word' id='word_1_46' title='bbox 1368 734 1418 772; x_wconf 85' lang='lat' dir='ltr'>ad</span> <span class='ocrx_word' id='word_1_47' title='bbox 1443 734 1560 772; x_wconf 79' lang='lat' dir='ltr'>Trist.</span> <span class='ocrx_word' id='word_1_48' title='bbox 1586 734 1617 773; x_wconf 93' lang='lat' dir='ltr'>I.</span> <span class='ocrx_word' id='word_1_49' title='bbox 1642 736 1678 782; x_wconf 82' lang='lat'>2,</span> <span class='ocrx_word' id='word_1_50' title='bbox 1704 737 1789 775; x_wconf 89' lang='grc'><strong>100.</strong></span> 
     </span>
    </p>

    <p class='ocr_par' dir='ltr' id='par_1_6' title="bbox 411 798 1516 853">
     <span class='ocr_line' id='line_1_8' title="bbox 411 798 1516 853; baseline -0.003 -13"><span class='ocrx_word' id='word_1_51' title='bbox 411 804 457 840; x_wconf 88' lang='grc' dir='ltr'>Υ.</span> <span class='ocrx_word' id='word_1_52' title='bbox 479 805 538 841; x_wconf 75' lang='lat'>21.</span> <span class='ocrx_word' id='word_1_53' title='bbox 562 801 702 853; x_wconf 71' lang='lat' dir='ltr'>pec-caii</span> <span class='ocrx_word' id='word_1_54' title='bbox 721 813 815 852; x_wconf 75' lang='lat' dir='ltr'>quae</span> <span class='ocrx_word' id='word_1_55' title='bbox 835 799 883 838; x_wconf 75' lang='lat' dir='ltr'>sit</span> <span class='ocrx_word' id='word_1_56' title='bbox 903 799 1017 849; x_wconf 64' lang='lat' dir='ltr'><strong><em>origo,</em></strong></span> <span class='ocrx_word' id='word_1_57' title='bbox 1038 799 1087 837; x_wconf 80' lang='lat' dir='ltr'>cf.</span> <span class='ocrx_word' id='word_1_58' title='bbox 1110 811 1229 849; x_wconf 83' lang='lat' dir='ltr'>supra</span> <span class='ocrx_word' id='word_1_59' title='bbox 1249 798 1300 836; x_wconf 82' lang='lat' dir='ltr'>ad</span> <span class='ocrx_word' id='word_1_60' title='bbox 1321 798 1352 837; x_wconf 93' lang='lat' dir='ltr'>I.</span> <span class='ocrx_word' id='word_1_61' title='bbox 1373 800 1409 844; x_wconf 80' lang='lat'>2,</span> <span class='ocrx_word' id='word_1_62' title='bbox 1432 800 1516 837; x_wconf 82' lang='lat'>146.</span> 
     </span>
    </p>

    <p class='ocr_par' dir='ltr' id='par_1_7' title="bbox 411 863 976 917">
     <span class='ocr_line' id='line_1_9' title="bbox 411 863 976 917; baseline -0.009 -12"><span class='ocrx_word' id='word_1_63' title='bbox 411 868 457 905; x_wconf 86' lang='lat' dir='ltr'>V.</span> <span class='ocrx_word' id='word_1_64' title='bbox 484 869 544 905; x_wconf 68' lang='lat'>24.</span> <span class='ocrx_word' id='word_1_65' title='bbox 571 867 694 917; x_wconf 68' lang='lat' dir='ltr'>siqua,</span> <span class='ocrx_word' id='word_1_66' title='bbox 721 878 772 903; x_wconf 79' lang='lat' dir='ltr'>sc.</span> <span class='ocrx_word' id='word_1_67' title='bbox 800 863 976 902; x_wconf 38' lang='lat' dir='ltr'>vulnera..</span> 
     </span>
    </p>

    <p class='ocr_par' dir='ltr' id='par_1_8' title="bbox 358 927 1840 1045">
     <span class='ocr_line' id='line_1_10' title="bbox 411 927 1840 979; baseline -0.001 -9"><span class='ocrx_word' id='word_1_68' title='bbox 411 932 457 970; x_wconf 86' lang='lat' dir='ltr'>V.</span> <span class='ocrx_word' id='word_1_69' title='bbox 483 933 646 969; x_wconf 69' lang='lat'>25—20.</span> <span class='ocrx_word' id='word_1_70' title='bbox 674 934 715 968; x_wconf 71' lang='grc' dir='ltr'>Δηἰ.</span> <span class='ocrx_word' id='word_1_71' title='bbox 738 942 812 967; x_wconf 78' lang='lat' dir='ltr'>mm</span> <span class='ocrx_word' id='word_1_72' title='bbox 839 928 1006 977; x_wconf 73' lang='lat' dir='ltr'>sueinus,</span> <span class='ocrx_word' id='word_1_73' title='bbox 1033 927 1089 966; x_wconf 77' lang='lat' dir='ltr'>sie</span> <span class='ocrx_word' id='word_1_74' title='bbox 1112 927 1240 979; x_wconf 79' lang='lat' dir='ltr'>culpa,</span> <span class='ocrx_word' id='word_1_75' title='bbox 1266 928 1316 966; x_wconf 78' lang='lat' dir='ltr'>ef.</span> <span class='ocrx_word' id='word_1_76' title='bbox 1343 928 1394 966; x_wconf 82' lang='lat' dir='ltr'>ad</span> <span class='ocrx_word' id='word_1_77' title='bbox 1419 928 1537 967; x_wconf 81' lang='lat' dir='ltr'>Trist.</span> <span class='ocrx_word' id='word_1_78' title='bbox 1565 929 1618 968; x_wconf 90' lang='grc' dir='ltr'><strong>ΙΙ.</strong></span> <span class='ocrx_word' id='word_1_79' title='bbox 1644 931 1681 976; x_wconf 82' lang='lat'>2,</span> <span class='ocrx_word' id='word_1_80' title='bbox 1705 930 1767 969; x_wconf 89' lang='lat'>98.</span> <span class='ocrx_word' id='word_1_81' title='bbox 1796 952 1840 958; x_wconf 86' lang='lat'>—-</span> 
     </span>
     <span class='ocr_line' id='line_1_11' title="bbox 358 994 996 1045; baseline -0.008 -10"><span class='ocrx_word' id='word_1_82' title='bbox 358 997 402 1035; x_wconf 69' lang='lat' dir='ltr'>in</span> <span class='ocrx_word' id='word_1_83' title='bbox 430 1008 584 1045; x_wconf 69' lang='lat' dir='ltr'>maynos</span> <span class='ocrx_word' id='word_1_84' title='bbox 603 1025 609 1032; x_wconf 97' lang='lat'>.</span> <span class='ocrx_word' id='word_1_85' title='bbox 632 1025 638 1032; x_wconf 92' lang='lat'>.</span> <span class='ocrx_word' id='word_1_86' title='bbox 661 1024 668 1031; x_wconf 92' lang='lat'>.</span> <span class='ocrx_word' id='word_1_87' title='bbox 687 994 785 1038; x_wconf 76' lang='lat' dir='ltr'>deos,</span> <span class='ocrx_word' id='word_1_88' title='bbox 816 994 996 1031; x_wconf 70' lang='lat' dir='ltr'>Caesares.</span> 
     </span>
    </p>

    <p class='ocr_par' dir='ltr' id='par_1_9' title="bbox 360 1056 1844 1174">
     <span class='ocr_line' id='line_1_12' title="bbox 410 1056 1844 1108; baseline -0.001 -9"><span class='ocrx_word' id='word_1_89' title='bbox 410 1061 456 1098; x_wconf 84' lang='lat' dir='ltr'>V.</span> <span class='ocrx_word' id='word_1_90' title='bbox 493 1062 655 1098; x_wconf 76' lang='lat'>29—30.</span> <span class='ocrx_word' id='word_1_91' title='bbox 692 1060 773 1099; x_wconf 76' lang='lat' dir='ltr'>dea.</span> <span class='ocrx_word' id='word_1_92' title='bbox 809 1071 861 1096; x_wconf 76' lang='lat' dir='ltr'>sc.</span> <span class='ocrx_word' id='word_1_93' title='bbox 896 1058 1003 1107; x_wconf 62' lang='lat' dir='ltr'>Spes.</span> <span class='ocrx_word' id='word_1_94' title='bbox 1043 1080 1085 1084; x_wconf 91' lang='lat'>——</span> <span class='ocrx_word' id='word_1_95' title='bbox 1123 1069 1211 1095; x_wconf 69' lang='grc' dir='ltr'>σιιηι</span> <span class='ocrx_word' id='word_1_96' title='bbox 1242 1056 1410 1108; x_wconf 72' lang='lat' dir='ltr'>fuyerent</span> <span class='ocrx_word' id='word_1_97' title='bbox 1444 1058 1642 1098; x_wconf 77' lang='lat' dir='ltr'>sceleratas</span> <span class='ocrx_word' id='word_1_98' title='bbox 1675 1059 1844 1098; x_wconf 64' lang='lat' dir='ltr'>numina</span> 
     </span>
     <span class='ocr_line' id='line_1_13' title="bbox 360 1122 1610 1174; baseline -0.002 -10"><span class='ocrx_word' id='word_1_99' title='bbox 360 1130 489 1169; x_wconf 77' lang='lat' dir='ltr'>terras,</span> <span class='ocrx_word' id='word_1_100' title='bbox 520 1128 609 1174; x_wconf 76' lang='lat' dir='ltr'>post</span> <span class='ocrx_word' id='word_1_101' title='bbox 640 1127 801 1162; x_wconf 64' lang='lat' dir='ltr'>aetatmn</span> <span class='ocrx_word' id='word_1_102' title='bbox 831 1135 1004 1167; x_wconf 53' lang='lat' dir='ltr'>aure-(1111,</span> <span class='ocrx_word' id='word_1_103' title='bbox 1035 1125 1154 1160; x_wconf 76' lang='lat' dir='ltr'>aetate</span> <span class='ocrx_word' id='word_1_104' title='bbox 1183 1122 1307 1159; x_wconf 76' lang='lat' dir='ltr'><strong>ferrea</strong></span> <span class='ocrx_word' id='word_1_105' title='bbox 1339 1126 1378 1160; x_wconf 79' lang='lat' dir='ltr'>et</span> <span class='ocrx_word' id='word_1_106' title='bbox 1407 1123 1610 1161; x_wconf 78' lang='lat' dir='ltr'>scelerata.</span> 
     </span>
    </p>

    <p class='ocr_par' dir='ltr' id='par_1_10' title="bbox 357 1186 1843 1435">
     <span class='ocr_line' id='line_1_14' title="bbox 412 1186 1842 1239; baseline 0 -11"><span class='ocrx_word' id='word_1_107' title='bbox 412 1190 457 1228; x_wconf 88' lang='grc' dir='ltr'>Υ.</span> <span class='ocrx_word' id='word_1_108' title='bbox 497 1192 557 1228; x_wconf 82' lang='lat'>30.</span> <span class='ocrx_word' id='word_1_109' title='bbox 596 1189 742 1237; x_wconf 72' lang='lat' dir='ltr'>fossor.</span> <span class='ocrx_word' id='word_1_110' title='bbox 764 1218 770 1225; x_wconf 93' lang='lat'>.</span> <span class='ocrx_word' id='word_1_111' title='bbox 794 1218 801 1224; x_wconf 97' lang='lat'>.</span> <span class='ocrx_word' id='word_1_112' title='bbox 821 1187 994 1239; x_wconf 72' lang='lat' dir='ltr'><strong><em>compede</em></strong></span> <span class='ocrx_word' id='word_1_113' title='bbox 1032 1186 1193 1231; x_wconf 71' lang='lat' dir='ltr'>vinctus,</span> <span class='ocrx_word' id='word_1_114' title='bbox 1233 1188 1283 1225; x_wconf 84' lang='lat' dir='ltr'>cf.</span> <span class='ocrx_word' id='word_1_115' title='bbox 1325 1187 1466 1225; x_wconf 83' lang='lat' dir='ltr'>Tibull.</span> <span class='ocrx_word' id='word_1_116' title='bbox 1508 1188 1561 1226; x_wconf 90' lang='lat' dir='ltr'>II.</span> <span class='ocrx_word' id='word_1_117' title='bbox 1601 1189 1636 1234; x_wconf 87' lang='grc'>6,</span> <span class='ocrx_word' id='word_1_118' title='bbox 1675 1189 1842 1228; x_wconf 85' lang='lat'>25—26:</span> 
     </span>
     <span class='ocr_line' id='line_1_15' title="bbox 357 1251 1843 1305; baseline 0 -13"><span class='ocrx_word' id='word_1_119' title='bbox 357 1255 469 1305; x_wconf 72' lang='lat' dir='ltr'>«Spes</span> <span class='ocrx_word' id='word_1_120' title='bbox 495 1254 615 1291; x_wconf 72' lang='lat' dir='ltr'>etiam</span> <span class='ocrx_word' id='word_1_121' title='bbox 639 1253 771 1290; x_wconf 69' lang='lat' dir='ltr'>valida</span> <span class='ocrx_word' id='word_1_122' title='bbox 797 1252 948 1290; x_wconf 79' lang='lat' dir='ltr'>solatur</span> <span class='ocrx_word' id='word_1_123' title='bbox 972 1251 1163 1301; x_wconf 70' lang='lat' dir='ltr'>compede</span> <span class='ocrx_word' id='word_1_124' title='bbox 1185 1251 1385 1290; x_wconf 79' lang='lat' dir='ltr'>vinctum:</span> <span class='ocrx_word' id='word_1_125' title='bbox 1412 1252 1533 1291; x_wconf 80' lang='lat' dir='ltr'>Crura</span> <span class='ocrx_word' id='word_1_126' title='bbox 1557 1256 1702 1292; x_wconf 77' lang='lat' dir='ltr'>sonant</span> <span class='ocrx_word' id='word_1_127' title='bbox 1725 1253 1843 1300; x_wconf 84' lang='lat' dir='ltr'><strong>ferro,</strong></span> 
     </span>
     <span class='ocr_line' id='line_1_16' title="bbox 361 1315 1841 1368; baseline -0.001 -11"><span class='ocrx_word' id='word_1_128' title='bbox 361 1319 428 1357; x_wconf 82' lang='lat' dir='ltr'>sed</span> <span class='ocrx_word' id='word_1_129' title='bbox 450 1319 558 1357; x_wconf 78' lang='lat' dir='ltr'>canit</span> <span class='ocrx_word' id='word_1_130' title='bbox 580 1318 684 1356; x_wconf 66' lang='lat' dir='ltr'><strong>inter</strong></span> <span class='ocrx_word' id='word_1_131' title='bbox 706 1329 820 1367; x_wconf 80' lang='lat' dir='ltr'>opus»</span> <span class='ocrx_word' id='word_1_132' title='bbox 842 1320 879 1354; x_wconf 71' lang='lat' dir='ltr'>et</span> <span class='ocrx_word' id='word_1_133' title='bbox 905 1317 978 1355; x_wconf 61' lang='lat' dir='ltr'>Ox:</span> <span class='ocrx_word' id='word_1_134' title='bbox 1004 1315 1121 1354; x_wconf 84' lang='lat' dir='ltr'>Trist.</span> <span class='ocrx_word' id='word_1_135' title='bbox 1146 1316 1215 1355; x_wconf 85' lang='lat' dir='ltr'>IV.</span> <span class='ocrx_word' id='word_1_136' title='bbox 1240 1318 1274 1362; x_wconf 91' lang='lat'>1,</span> <span class='ocrx_word' id='word_1_137' title='bbox 1298 1320 1336 1355; x_wconf 87' lang='lat'>5:</span> <span class='ocrx_word' id='word_1_138' title='bbox 1357 1316 1533 1356; x_wconf 78' lang='lat' dir='ltr'>«vinctus</span> <span class='ocrx_word' id='word_1_139' title='bbox 1556 1330 1715 1368; x_wconf 86' lang='lat' dir='ltr'>quoque</span> <span class='ocrx_word' id='word_1_140' title='bbox 1736 1331 1841 1358; x_wconf 85' lang='lat' dir='ltr'>com-</span> 
     </span>
     <span class='ocr_line' id='line_1_17' title="bbox 360 1381 971 1435; baseline -0.005 -14"><span class='ocrx_word' id='word_1_141' title='bbox 360 1384 459 1435; x_wconf 73' lang='lat' dir='ltr'>pede.</span> <span class='ocrx_word' id='word_1_142' title='bbox 486 1384 637 1428; x_wconf 65' lang='lat' dir='ltr'>fossum,</span> <span class='ocrx_word' id='word_1_143' title='bbox 666 1382 734 1420; x_wconf 81' lang='lat' dir='ltr'>ubi</span> <span class='ocrx_word' id='word_1_144' title='bbox 761 1381 854 1419; x_wconf 77' lang='lat' dir='ltr'>vide</span> <span class='ocrx_word' id='word_1_145' title='bbox 881 1381 971 1419; x_wconf 82' lang='lat' dir='ltr'>adn.</span> 
     </span>
    </p>

    <p class='ocr_par' dir='ltr' id='par_1_11' title="bbox 411 1447 1050 1497">
     <span class='ocr_line' id='line_1_18' title="bbox 411 1447 1050 1497; baseline -0.005 -11"><span class='ocrx_word' id='word_1_146' title='bbox 411 1449 457 1486; x_wconf 91' lang='grc' dir='ltr'>Υ.</span> <span class='ocrx_word' id='word_1_147' title='bbox 484 1450 544 1485; x_wconf 83' lang='lat'>36.</span> <span class='ocrx_word' id='word_1_148' title='bbox 571 1461 677 1491; x_wconf 72' lang='lat' dir='ltr'><strong><em>vena,</em></strong></span> <span class='ocrx_word' id='word_1_149' title='bbox 704 1447 821 1497; x_wconf 82' lang='lat' dir='ltr'>pulsu</span> <span class='ocrx_word' id='word_1_150' title='bbox 845 1459 1050 1483; x_wconf 71' lang='lat' dir='ltr'>venarum.</span> 
     </span>
    </p>

    <p class='ocr_par' dir='ltr' id='par_1_12' title="bbox 362 1510 1842 1626">
     <span class='ocr_line' id='line_1_19' title="bbox 412 1510 1842 1562; baseline 0.001 -12"><span class='ocrx_word' id='word_1_151' title='bbox 412 1513 458 1550; x_wconf 82' lang='lat' dir='ltr'>V.</span> <span class='ocrx_word' id='word_1_152' title='bbox 493 1515 553 1551; x_wconf 74' lang='lat'>37.</span> <span class='ocrx_word' id='word_1_153' title='bbox 580 1525 722 1551; x_wconf 73' lang='lat' dir='ltr'>carc-ere</span> <span class='ocrx_word' id='word_1_154' title='bbox 741 1542 748 1549; x_wconf 91' lang='lat'>.</span> <span class='ocrx_word' id='word_1_155' title='bbox 770 1542 777 1548; x_wconf 94' lang='lat'>.</span> <span class='ocrx_word' id='word_1_156' title='bbox 798 1541 805 1548; x_wconf 94' lang='lat'>.</span> <span class='ocrx_word' id='word_1_157' title='bbox 824 1510 959 1555; x_wconf 73' lang='lat' dir='ltr'>clausi,</span> <span class='ocrx_word' id='word_1_158' title='bbox 985 1510 1116 1561; x_wconf 78' lang='lat' dir='ltr'>capite</span> <span class='ocrx_word' id='word_1_159' title='bbox 1141 1510 1335 1557; x_wconf 80' lang='lat' dir='ltr'><strong>damnati,</strong></span> <span class='ocrx_word' id='word_1_160' title='bbox 1361 1511 1427 1562; x_wconf 80' lang='lat' dir='ltr'>qui</span> <span class='ocrx_word' id='word_1_161' title='bbox 1452 1511 1493 1550; x_wconf 87' lang='lat' dir='ltr'>in</span> <span class='ocrx_word' id='word_1_162' title='bbox 1525 1525 1680 1552; x_wconf 83' lang='lat' dir='ltr'>carcere</span> <span class='ocrx_word' id='word_1_163' title='bbox 1712 1515 1842 1552; x_wconf 78' lang='lat' dir='ltr'>eusto-</span> 
     </span>
     <span class='ocr_line' id='line_1_20' title="bbox 362 1575 971 1626; baseline -0.005 -10"><span class='ocrx_word' id='word_1_164' title='bbox 362 1577 572 1616; x_wconf 73' lang='lat' dir='ltr'>diebantur</span> <span class='ocrx_word' id='word_1_165' title='bbox 601 1582 694 1615; x_wconf 73' lang='lat' dir='ltr'>ante</span> <span class='ocrx_word' id='word_1_166' title='bbox 722 1575 971 1626; x_wconf 78' lang='lat' dir='ltr'>supplioiurn.</span> 
     </span>
    </p>

    <p class='ocr_par' dir='ltr' id='par_1_13' title="bbox 361 1640 1842 1751">
     <span class='ocr_line' id='line_1_21' title="bbox 411 1640 1842 1693; baseline 0 -12"><span class='ocrx_word' id='word_1_167' title='bbox 411 1642 457 1681; x_wconf 89' lang='lat' dir='ltr'>V.</span> <span class='ocrx_word' id='word_1_168' title='bbox 488 1644 549 1680; x_wconf 80' lang='lat'>41.</span> <span class='ocrx_word' id='word_1_169' title='bbox 578 1643 646 1681; x_wconf 74' lang='lat' dir='ltr'>Me</span> <span class='ocrx_word' id='word_1_170' title='bbox 674 1655 817 1693; x_wconf 77' lang='lat' dir='ltr'>quoque</span> <span class='ocrx_word' id='word_1_171' title='bbox 845 1644 1043 1679; x_wconf 75' lang='lat' dir='ltr'><em>conantem</em></span> <span class='ocrx_word' id='word_1_172' title='bbox 1066 1640 1192 1691; x_wconf 72' lang='lat' dir='ltr'><em>yladio</em></span> <span class='ocrx_word' id='word_1_173' title='bbox 1219 1640 1332 1691; x_wconf 73' lang='lat' dir='ltr'><em>finire</em></span> <span class='ocrx_word' id='word_1_174' title='bbox 1359 1640 1535 1688; x_wconf 83' lang='lat' dir='ltr'><em>dolorem,</em></span> <span class='ocrx_word' id='word_1_175' title='bbox 1564 1643 1613 1681; x_wconf 83' lang='lat' dir='ltr'>cf.</span> <span class='ocrx_word' id='word_1_176' title='bbox 1643 1642 1694 1681; x_wconf 85' lang='lat' dir='ltr'>ad</span> <span class='ocrx_word' id='word_1_177' title='bbox 1723 1642 1842 1681; x_wconf 74' lang='lat' dir='ltr'>Trist.</span> 
     </span>
     <span class='ocr_line' id='line_1_22' title="bbox 361 1707 598 1751; baseline -0.004 -6"><span class='ocrx_word' id='word_1_178' title='bbox 361 1707 392 1745; x_wconf 90' lang='lat' dir='ltr'>I.</span> <span class='ocrx_word' id='word_1_179' title='bbox 423 1710 458 1751; x_wconf 81' lang='lat'>5,</span> <span class='ocrx_word' id='word_1_180' title='bbox 488 1708 598 1744; x_wconf 79' lang='lat'>5—6.</span> 
     </span>
    </p>

    <p class='ocr_par' dir='ltr' id='par_1_14' title="bbox 410 1770 885 1821">
     <span class='ocr_line' id='line_1_23' title="bbox 410 1770 885 1821; baseline -0.002 -12"><span class='ocrx_word' id='word_1_181' title='bbox 410 1772 456 1809; x_wconf 94' lang='lat' dir='ltr'>V.</span> <span class='ocrx_word' id='word_1_182' title='bbox 493 1773 554 1809; x_wconf 76' lang='lat'>46.</span> <span class='ocrx_word' id='word_1_183' title='bbox 591 1771 664 1816; x_wconf 67' lang='lat' dir='ltr'>dei,</span> <span class='ocrx_word' id='word_1_184' title='bbox 703 1770 885 1821; x_wconf 78' lang='lat' dir='ltr'>Augusti.</span> 
     </span>
    </p>

    <p class='ocr_par' dir='ltr' id='par_1_15' title="bbox 411 1834 1277 1881">
     <span class='ocr_line' id='line_1_24' title="bbox 411 1834 1277 1881; baseline -0.001 -7"><span class='ocrx_word' id='word_1_185' title='bbox 411 1837 456 1875; x_wconf 90' lang='lat' dir='ltr'>V.</span> <span class='ocrx_word' id='word_1_186' title='bbox 479 1838 540 1874; x_wconf 76' lang='lat'>49.</span> <span class='ocrx_word' id='word_1_187' title='bbox 568 1836 784 1881; x_wconf 71' lang='lat' dir='ltr'><strong><em>Tomitana,</em></strong></span> <span class='ocrx_word' id='word_1_188' title='bbox 809 1837 861 1874; x_wconf 81' lang='lat' dir='ltr'>cf.</span> <span class='ocrx_word' id='word_1_189' title='bbox 886 1835 936 1873; x_wconf 79' lang='lat' dir='ltr'>ad</span> <span class='ocrx_word' id='word_1_190' title='bbox 960 1834 1077 1873; x_wconf 76' lang='lat' dir='ltr'>Trist.</span> <span class='ocrx_word' id='word_1_191' title='bbox 1102 1835 1133 1874; x_wconf 90' lang='lat' dir='ltr'>I.</span> <span class='ocrx_word' id='word_1_192' title='bbox 1157 1836 1193 1881; x_wconf 78' lang='lat'>2,</span> <span class='ocrx_word' id='word_1_193' title='bbox 1217 1836 1277 1874; x_wconf 80' lang='lat'>85.</span> 
     </span>
    </p>
   </div>
   <div class='ocr_carea' id='block_1_3' title="bbox 883 2012 1311 2156">
    <p class='ocr_par' dir='ltr' id='par_1_16' title="bbox 883 2012 1311 2156">
     <span class='ocr_line' id='line_1_25' title="bbox 921 2012 1272 2064; baseline -0.003 -12"><span class='ocrx_word' id='word_1_194' title='bbox 921 2012 1007 2052; x_wconf 69' lang='lat' dir='ltr'>Mb.</span> <span class='ocrx_word' id='word_1_195' title='bbox 1037 2013 1074 2052; x_wconf 87' lang='lat'>1.</span> <span class='ocrx_word' id='word_1_196' title='bbox 1099 2012 1210 2064; x_wconf 80' lang='lat' dir='ltr'>epist.</span> <span class='ocrx_word' id='word_1_197' title='bbox 1236 2013 1272 2052; x_wconf 88' lang='grc'><strong>7.</strong></span> 
     </span>
     <span class='ocr_line' id='line_1_26' title="bbox 883 2111 1311 2156; baseline 0.005 -2"><span class='ocrx_word' id='word_1_198' title='bbox 883 2111 957 2154; x_wconf 92' lang='lat' dir='ltr'>Ad</span> <span class='ocrx_word' id='word_1_199' title='bbox 988 2111 1311 2156; x_wconf 83' lang='lat' dir='ltr'>Messalinum.</span> 
     </span>
    </p>
   </div>
   <div class='ocr_carea' id='block_1_4' title="bbox 353 2223 1845 2791">
    <p class='ocr_par' dir='ltr' id='par_1_17' title="bbox 360 2223 1845 2457">
     <span class='ocr_line' id='line_1_27' title="bbox 410 2223 1842 2271; baseline 0.002 -10"><span class='ocrx_word' id='word_1_200' title='bbox 410 2224 642 2262; x_wconf 78' lang='lat' dir='ltr'>Messalinus</span> <span class='ocrx_word' id='word_1_201' title='bbox 671 2228 755 2262; x_wconf 76' lang='lat' dir='ltr'>erat</span> <span class='ocrx_word' id='word_1_202' title='bbox 783 2223 887 2262; x_wconf 87' lang='lat' dir='ltr'>filius</span> <span class='ocrx_word' id='word_1_203' title='bbox 916 2223 1041 2262; x_wconf 82' lang='lat' dir='ltr'>maior</span> <span class='ocrx_word' id='word_1_204' title='bbox 1069 2224 1122 2262; x_wconf 85' lang='lat' dir='ltr'>M.</span> <span class='ocrx_word' id='word_1_205' title='bbox 1152 2223 1298 2262; x_wconf 80' lang='lat' dir='ltr'>Valerii</span> <span class='ocrx_word' id='word_1_206' title='bbox 1325 2224 1516 2263; x_wconf 78' lang='lat' dir='ltr'>Messallae</span> <span class='ocrx_word' id='word_1_207' title='bbox 1546 2224 1717 2271; x_wconf 86' lang='lat' dir='ltr'>Corvini,</span> <span class='ocrx_word' id='word_1_208' title='bbox 1745 2225 1842 2265; x_wconf 79' lang='lat' dir='ltr'>cele-</span> 
     </span>
     <span class='ocr_line' id='line_1_28' title="bbox 360 2288 1845 2341; baseline 0.001 -14"><span class='ocrx_word' id='word_1_209' title='bbox 360 2288 517 2327; x_wconf 77' lang='lat' dir='ltr'>berrimi</span> <span class='ocrx_word' id='word_1_210' title='bbox 545 2289 648 2326; x_wconf 82' lang='lat' dir='ltr'>illius</span> <span class='ocrx_word' id='word_1_211' title='bbox 672 2293 883 2339; x_wconf 79' lang='lat' dir='ltr'>poetarum</span> <span class='ocrx_word' id='word_1_212' title='bbox 906 2288 1088 2334; x_wconf 73' lang='lat' dir='ltr'>fautoris,</span> <span class='ocrx_word' id='word_1_213' title='bbox 1117 2290 1240 2327; x_wconf 81' lang='lat' dir='ltr'><strong>frater</strong></span> <span class='ocrx_word' id='word_1_214' title='bbox 1268 2288 1393 2328; x_wconf 77' lang='lat' dir='ltr'><strong>Cottae</strong></span> <span class='ocrx_word' id='word_1_215' title='bbox 1432 2289 1600 2328; x_wconf 81' lang='lat' dir='ltr'><strong>Maximi</strong></span> <span class='ocrx_word' id='word_1_216' title='bbox 1629 2290 1694 2340; x_wconf 82' lang='lat' dir='ltr'>(cf.</span> <span class='ocrx_word' id='word_1_217' title='bbox 1723 2302 1845 2341; x_wconf 84' lang='lat' dir='ltr'>supra.</span> 
     </span>
     <span class='ocr_line' id='line_1_29' title="bbox 360 2353 1845 2407; baseline 0.002 -16"><span class='ocrx_word' id='word_1_218' title='bbox 360 2353 410 2391; x_wconf 83' lang='lat' dir='ltr'>ad</span> <span class='ocrx_word' id='word_1_219' title='bbox 437 2353 467 2391; x_wconf 87' lang='grc' dir='ltr'><strong>Ι.</strong></span> <span class='ocrx_word' id='word_1_220' title='bbox 494 2355 560 2402; x_wconf 74' lang='grc'><strong>5.),</strong></span> <span class='ocrx_word' id='word_1_221' title='bbox 586 2353 722 2392; x_wconf 78' lang='lat' dir='ltr'>consul</span> <span class='ocrx_word' id='word_1_222' title='bbox 760 2367 823 2391; x_wconf 81' lang='lat' dir='ltr'>an.</span> <span class='ocrx_word' id='word_1_223' title='bbox 850 2355 885 2391; x_wconf 84' lang='lat'>3.</span> <span class='ocrx_word' id='word_1_224' title='bbox 911 2367 949 2404; x_wconf 90' lang='lat' dir='ltr'>p.</span> <span class='ocrx_word' id='word_1_225' title='bbox 977 2353 1065 2407; x_wconf 57' lang='lat' dir='ltr'>Chr.</span> <span class='ocrx_word' id='word_1_226' title='bbox 1090 2367 1128 2391; x_wconf 90' lang='lat' dir='ltr'>n.</span> <span class='ocrx_word' id='word_1_227' title='bbox 1156 2354 1216 2392; x_wconf 91' lang='lat' dir='ltr'>Ad</span> <span class='ocrx_word' id='word_1_228' title='bbox 1242 2354 1413 2392; x_wconf 83' lang='lat' dir='ltr'>eundem</span> <span class='ocrx_word' id='word_1_229' title='bbox 1435 2353 1540 2392; x_wconf 81' lang='lat' dir='ltr'><strong>infra</strong></span> <span class='ocrx_word' id='word_1_230' title='bbox 1565 2354 1618 2393; x_wconf 90' lang='grc' dir='ltr'>Π.</span> <span class='ocrx_word' id='word_1_231' title='bbox 1643 2356 1680 2394; x_wconf 83' lang='lat'>2.</span> <span class='ocrx_word' id='word_1_232' title='bbox 1704 2354 1845 2394; x_wconf 76' lang='lat' dir='ltr'><strong>Etiam</strong></span> 
     </span>
     <span class='ocr_line' id='line_1_30' title="bbox 361 2417 1175 2457; baseline 0.001 -2"><span class='ocrx_word' id='word_1_233' title='bbox 361 2417 478 2456; x_wconf 80' lang='lat' dir='ltr'>Trist.</span> <span class='ocrx_word' id='word_1_234' title='bbox 507 2418 573 2456; x_wconf 88' lang='lat' dir='ltr'>IV.</span> <span class='ocrx_word' id='word_1_235' title='bbox 602 2421 636 2455; x_wconf 71' lang='lat'>4.</span> <span class='ocrx_word' id='word_1_236' title='bbox 665 2419 715 2456; x_wconf 80' lang='lat' dir='ltr'>ad</span> <span class='ocrx_word' id='word_1_237' title='bbox 741 2432 831 2456; x_wconf 77' lang='lat' dir='ltr'>eum</span> <span class='ocrx_word' id='word_1_238' title='bbox 857 2418 977 2457; x_wconf 51' lang='lat' dir='ltr'>missa¹</span> <span class='ocrx_word' id='word_1_239' title='bbox 1001 2418 1175 2457; x_wconf 74' lang='lat' dir='ltr'>videtur.</span> 
     </span>
    </p>

    <p class='ocr_par' dir='ltr' id='par_1_18' title="bbox 411 2482 1175 2529">
     <span class='ocr_line' id='line_1_31' title="bbox 411 2482 1175 2529; baseline 0.001 -9"><span class='ocrx_word' id='word_1_240' title='bbox 411 2482 457 2520; x_wconf 89' lang='lat' dir='ltr'>V.</span> <span class='ocrx_word' id='word_1_241' title='bbox 481 2484 517 2520; x_wconf 81' lang='lat'>2.</span> <span class='ocrx_word' id='word_1_242' title='bbox 542 2482 658 2528; x_wconf 68' lang='lat' dir='ltr'>Getis,</span> <span class='ocrx_word' id='word_1_243' title='bbox 684 2484 733 2521; x_wconf 78' lang='lat' dir='ltr'>cf.</span> <span class='ocrx_word' id='word_1_244' title='bbox 760 2483 810 2521; x_wconf 78' lang='lat' dir='ltr'>ad</span> <span class='ocrx_word' id='word_1_245' title='bbox 835 2483 951 2521; x_wconf 78' lang='lat' dir='ltr'>Trist.</span> <span class='ocrx_word' id='word_1_246' title='bbox 978 2483 1054 2521; x_wconf 88' lang='lat' dir='ltr'>HI.</span> <span class='ocrx_word' id='word_1_247' title='bbox 1079 2485 1115 2529; x_wconf 87' lang='lat'>3,</span> <span class='ocrx_word' id='word_1_248' title='bbox 1140 2484 1175 2522; x_wconf 88' lang='lat'>6.</span> 
     </span>
    </p>

    <p class='ocr_par' dir='ltr' id='par_1_19' title="bbox 360 2546 1844 2656">
     <span class='ocr_line' id='line_1_32' title="bbox 412 2546 1844 2601; baseline 0.003 -17"><span class='ocrx_word' id='word_1_249' title='bbox 412 2546 458 2585; x_wconf 90' lang='lat' dir='ltr'>V.</span> <span class='ocrx_word' id='word_1_250' title='bbox 488 2549 522 2585; x_wconf 75' lang='lat'>7.</span> <span class='ocrx_word' id='word_1_251' title='bbox 552 2551 582 2585; x_wconf 76' lang='lat' dir='ltr'>te</span> <span class='ocrx_word' id='word_1_252' title='bbox 610 2552 847 2593; x_wconf 69' lang='lat' dir='ltr'>venerantur,</span> <span class='ocrx_word' id='word_1_253' title='bbox 875 2547 899 2586; x_wconf 92' lang='lat' dir='ltr'>i.</span> <span class='ocrx_word' id='word_1_254' title='bbox 929 2561 962 2586; x_wconf 85' lang='lat' dir='ltr'>e.</span> <span class='ocrx_word' id='word_1_255' title='bbox 991 2560 1162 2598; x_wconf 86' lang='lat' dir='ltr'>quorum</span> <span class='ocrx_word' id='word_1_256' title='bbox 1189 2552 1235 2586; x_wconf 77' lang='lat' dir='ltr'>tu</span> <span class='ocrx_word' id='word_1_257' title='bbox 1262 2551 1455 2599; x_wconf 80' lang='lat' dir='ltr'>patronus</span> <span class='ocrx_word' id='word_1_258' title='bbox 1483 2561 1539 2594; x_wconf 85' lang='lat' dir='ltr'>es;</span> <span class='ocrx_word' id='word_1_259' title='bbox 1567 2549 1616 2588; x_wconf 84' lang='lat' dir='ltr'>cf.</span> <span class='ocrx_word' id='word_1_260' title='bbox 1645 2561 1765 2601; x_wconf 82' lang='lat' dir='ltr'>supra</span> <span class='ocrx_word' id='word_1_261' title='bbox 1791 2549 1844 2588; x_wconf 83' lang='lat' dir='ltr'>ad</span> 
     </span>
     <span class='ocr_line' id='line_1_33' title="bbox 360 2610 1822 2656; baseline 0.001 -6"><span class='ocrx_word' id='word_1_262' title='bbox 360 2610 392 2650; x_wconf 86' lang='lat' dir='ltr'>I.</span> <span class='ocrx_word' id='word_1_263' title='bbox 419 2613 455 2656; x_wconf 78' lang='lat'>⁶2,</span> <span class='ocrx_word' id='word_1_264' title='bbox 484 2614 543 2649; x_wconf 78' lang='lat'>51.</span> <span class='ocrx_word' id='word_1_265' title='bbox 1820 2622 1822 2626; x_wconf 83' lang='grc'>’</span> 
     </span>
    </p>

    <p class='ocr_par' dir='ltr' id='par_1_20' title="bbox 353 2675 1841 2791">
     <span class='ocr_line' id='line_1_34' title="bbox 410 2675 1841 2729; baseline 0.003 -15"><span class='ocrx_word' id='word_1_266' title='bbox 410 2675 457 2714; x_wconf 89' lang='lat' dir='ltr'>V.</span> <span class='ocrx_word' id='word_1_267' title='bbox 488 2677 625 2715; x_wconf 84' lang='lat'>9—10.</span> <span class='ocrx_word' id='word_1_268' title='bbox 656 2677 935 2729; x_wconf 74' lang='lat' dir='ltr'>Scythicasque,</span> <span class='ocrx_word' id='word_1_269' title='bbox 965 2677 1015 2716; x_wconf 82' lang='lat' dir='ltr'>cf.</span> <span class='ocrx_word' id='word_1_270' title='bbox 1048 2677 1098 2715; x_wconf 85' lang='lat' dir='ltr'>ad</span> <span class='ocrx_word' id='word_1_271' title='bbox 1128 2677 1246 2716; x_wconf 76' lang='lat' dir='ltr'>Trist.</span> <span class='ocrx_word' id='word_1_272' title='bbox 1279 2677 1356 2716; x_wconf 90' lang='lat' dir='ltr'>III.</span> <span class='ocrx_word' id='word_1_273' title='bbox 1387 2680 1424 2724; x_wconf 90' lang='lat'>4,</span> <span class='ocrx_word' id='word_1_274' title='bbox 1454 2679 1515 2716; x_wconf 85' lang='lat'>46.</span> <span class='ocrx_word' id='word_1_275' title='bbox 1551 2701 1594 2706; x_wconf 97' lang='lat'><strong>—</strong></span> <span class='ocrx_word' id='word_1_276' title='bbox 1625 2677 1757 2718; x_wconf 79' lang='lat' dir='ltr'><strong><em>mortis</em></strong></span> <span class='ocrx_word' id='word_1_277' title='bbox 1775 2708 1783 2717; x_wconf 89' lang='lat'>.</span> <span class='ocrx_word' id='word_1_278' title='bbox 1803 2708 1812 2717; x_wconf 92' lang='lat'>.</span> <span class='ocrx_word' id='word_1_279' title='bbox 1831 2707 1841 2718; x_wconf 89' lang='lat'>.</span> 
     </span>
     <span class='ocr_line' id='line_1_35' title="bbox 353 2740 1819 2791; baseline 0.003 -14"><span class='ocrx_word' id='word_1_280' title='bbox 353 2753 484 2791; x_wconf 74' lang='lat' dir='ltr'>qenus,</span> <span class='ocrx_word' id='word_1_281' title='bbox 509 2740 686 2787; x_wconf 77' lang='lat' dir='ltr'>exilium3</span> <span class='ocrx_word' id='word_1_282' title='bbox 709 2742 759 2780; x_wconf 81' lang='lat' dir='ltr'>ef.</span> <span class='ocrx_word' id='word_1_283' title='bbox 784 2742 834 2779; x_wconf 82' lang='lat' dir='ltr'>ad</span> <span class='ocrx_word' id='word_1_284' title='bbox 857 2742 974 2780; x_wconf 79' lang='lat' dir='ltr'>Trist.</span> <span class='ocrx_word' id='word_1_285' title='bbox 999 2741 1031 2780; x_wconf 95' lang='lat' dir='ltr'>I.</span> <span class='ocrx_word' id='word_1_286' title='bbox 1056 2744 1090 2788; x_wconf 91' lang='lat'>1,</span> <span class='ocrx_word' id='word_1_287' title='bbox 1113 2744 1175 2782; x_wconf 84' lang='lat'>27.</span> <span class='ocrx_word' id='word_1_288' title='bbox 1816 2764 1819 2766; x_wconf 93' lang='lat'>·</span> 
     </span>
    </p>
   </div>
  </div>
 </body>
</html>
