1990 3271
406 251 453 285 50

404 371 540 410 Marcii
570 371 675 409 enim
706 371 897 421 originem
928 370 1128 410 ducebant
1159 384 1181 410 a
1213 371 1345 410 Numa
1376 372 1536 419 Marcio,
1568 373 1714 413 comite
1745 374 1887 414 Numae

406 435 590 486 Pompilii
616 435 716 486 regis
744 439 783 474 et
809 435 849 473 in
876 436 996 474 sacris
1022 436 1253 475 ordinandis
1281 437 1475 476 adiutore.

457 500 504 539 V.
535 502 619 540 107.
662 500 910 552 Adiectiquc.
931 531 938 538 .
959 501 1152 551 ffenetiva
1191 502 1241 540 αᾱ
1280 502 1438 540 nomina
1475 502 1605 548 Cottae,
1646 503 1698 541 M.
1739 503 1886 543 Valerii

406 564 596 604 Messallae
620 565 722 603 filius
746 565 886 609 minor,
911 565 961 603 ad
986 578 1105 615 quem
1127 566 1210 605 haec
1233 567 1405 617 epistula
1429 567 1578 617 scripta
1601 570 1675 614 est,
1699 580 1722 606 a
1745 568 1886 607 matris

405 630 542 675 fratre,
580 630 736 668 Aurelio
775 630 906 675 Cotta,
943 630 1161 680 adoptatus
1198 644 1344 670 nomen
1381 631 1533 683 aceepit
1571 632 1722 671 Aurelii
1758 632 1886 672 Cottae

406 693 584 733 Maximi.

456 759 503 797 V.
534 761 617 798 109.
646 759 753 804 serie,
781 772 834 797 sc.
863 773 1044 798 avorum.

944 935 1029 974 Lib.
1057 936 1146 975 111.
1171 936 1281 988 epist.
1302 937 1338 976 3.

846 1035 918 1079 Ad
949 1035 1143 1079 Fabium
1160 1026 1162 1028 ’
1174 1036 1440 1080 Maximum.

456 1146 517 1185 Ad
541 1148 710 1185 eundem
734 1160 853 1197 supra
880 1147 910 1186 I.
936 1149 986 1193 2..
1013 1148 1080 1185 ubi
1105 1149 1154 1186 ef.
1182 1149 1274 1186 adn.

456 1212 502 1250 V.
531 1215 567 1250 4.
591 1225 715 1263 sopor,
740 1212 952 1251 somnium.

456 1277 503 1315 V.
533 1278 567 1315 6.
590 1277 728 1316 Mense
749 1277 824 1326 sere
850 1277 982 1322 medio,
1007 1282 1186 1329 temporo
1210 1278 1427 1329 plenilunii.

454 1342 500 1380 V.
532 1344 591 1380 14.
628 1342 771 1380 Fulcra
905 1355 1053 1387 acerna,
1099 1356 1152 1381 sc.
1199 1343 1302 1388 lecti,
1350 1343 1416 1382 ubi
1463 1343 1631 1383 Ovidius
1666 1344 1885 1392 dormivit}

403 1407 453 1445 of.
488 1407 667 1457 Propert.
704 1406 758 1445 ΙΙ.
792 1408 828 1452 3,
863 1409 926 1446 21:
958 1407 1056 1446 «Nec
1097 1408 1193 1446 mihi
1227 1412 1316 1446 tum
1355 1409 1479 1448 fulcro
1518 1412 1722 1448 sternatur
1759 1409 1885 1449 lectus

403 1471 579 1510 eburno».

454 1536 502 1575 V.
533 1538 591 1575 15.
620 1536 776 1582 crinale,
807 1537 928 1575 Amor
955 1537 1093 1575 crinali
1121 1543 1322 1587 gemmato
1350 1538 1511 1588 capillos
1539 1538 1688 1577 vincire
1714 1538 1885 1586 solebat3

403 1602 454 1640 cf.
477 1601 552 1641 Ov.
576 1603 665 1639 Am.
690 1601 720 1639 I.
743 1603 779 1647 2,
802 1604 862 1639 41.
887 1602 950 1651 (de
973 1603 1149 1651 A1nore):
1169 1615 1341 1652 «gemma
1364 1603 1546 1641 variante
1567 1603 1756 1654 capillos».

453 1666 499 1704 V.
529 1667 691 1705 23—24.
735 1666 845 1705 exilii
885 1667 1033 1717 decepto
1073 1680 1191 1705 causa
1235 1667 1425 1718 ηιαῃίεινο,
1468 1667 1611 1706 alludit
1653 1668 1705 1707 ad
1747 1669 1887 1707 Artem

401 1730 663 1776 Amatorimn,
684 1731 790 1768 exilii
815 1731 874 1770 sui
894 1745 1068 1777 causam,
1089 1745 1167 1782 qua
1193 1732 1382 1782 magister
1407 1732 1554 1771 amoris
1578 1733 1711 1772 factus
1737 1736 1810 1772 est.
1841 1755 1884 1761 —-

399 1794 520 1845 Quem
542 1795 617 1843 suit
640 1795 778 1834 utilius
804 1809 880 1834 ηοη
903 1796 1074 1836 (locui-sse
1100 1796 1209 1842 1111111,
1230 1798 1280 1836 cf.
1306 1810 1426 1848 supra
1453 1797 1483 1836 I.
1510 1800 1546 1843 4,
1572 1800 1636 1836 41:
1660 1797 1885 1849 «Cupidinis

398 1864 516 1906 artes,
541 1860 647 1908 Quas
670 1874 691 1898 11
716 1873 778 1899 me
800 1861 942 1899 vellem
966 1875 1045 1900 non
1069 1862 1271 1901 didicisset
1298 1863 1446 1901 Amor».

449 1925 496 1964 V.
526 1926 587 1963 26.
612 1925 791 1971 astrictis,
816 1939 868 1965 sc.
895 1926 1050 1976 frigore.

450 1990 496 2028 V.
526 1992 587 2028 28.
612 1990 819 2037 invidiosa,
845 1991 995 2030 odiosa.

449 2055 496 2093 V.
525 2056 586 2094 30.
611 2055 794 2106 Apposui
813 2056 917 2095 senis
938 2061 969 2095 te
990 2057 1081 2095 duce
1103 2057 1269 2109 quinque
1291 2058 1414 2109 pedes,
1438 2057 1462 2095 i.
1485 2071 1518 2096 e.
1541 2057 1680 2108 scripsi
1703 2057 1883 2096 carmina

398 2119 593 2158 amatoria
617 2120 795 2159 distichis
818 2121 997 2171 elegiacis
1021 2122 1270 2171 (hexametro
1293 2127 1331 2161 et·
1355 2123 1621 2173 pentametro)
1646 2121 1883 2172 composita.

449 2184 496 2223 V.
525 2186 586 2223 31.
610 2185 796 2232 Moeonlo,
821 2186 947 2237 epico;
971 2187 1021 2225 cf.
1046 2187 1097 2225 1111
1122 2187 1240 2226 Trist.
1266 2187 1298 2226 Ι.
1325 2190 1358 2232 1,
1383 2190 1444 2227 47.
1473 2210 1516 2214 —
1540 2200 1776 2238 consurqere,
1799 2186 1825 2225 i.
1849 2200 1882 2226 e.

397 2248 538 2288 humili
561 2250 774 2300 elegiarum
796 2252 1084 2290 amatoria-rum
1107 2252 1275 2291 materia
1297 2253 1436 2291 relicta
1457 2265 1498 2291 se
1520 2252 1561 2290 in
1584 2251 1704 2290 altius
1728 2251 1865 2291 tollere
1873 2265 1882 2298 3

397 2314 448 2353 cf.
471 2314 650 2365 Propert.
676 2315 729 2353 II.
755 2318 814 2361 10,
840 2319 901 2355 11:
921 2317 1072 2367 «Surge,
1096 2317 1241 2362 anime,
1267 2330 1316 2355 ex
1336 2317 1477 2356 humili
1499 2317 1580 2355 iam
1602 2316 1805 2355 carmine».

447 2378 494 2417 V.
524 2380 585 2417 33.
607 2393 719 2419 arcus
739 2385 771 2420 et
794 2380 907 2432 ignis,
930 2394 1043 2421 arcus
1065 2386 1104 2420 et
1127 2383 1208 2427 fax,
1231 2395 1319 2432 quae
1343 2383 1463 2421 Amor
1483 2386 1639 2432 gestare
1659 2381 1774 2421 solet.

448 2443 495 2482 V.
525 2444 586 2482 35.
611 2449 756 2496 luceque
779 2446 962 2497 parentis,
988 2446 1163 2485 Veneris.

449 2507 496 2547 V.
526 2510 587 2548 37.
614 2510 726 2548 stulto
752 2523 896 2562 quoque
921 2511 1102 2557 carmine,
1131 2512 1228 2550 Arte
1255 2511 1475 2551 Amatoria.

450 2572 497 2611 V.
527 2575 691 2613 41—42.
718 2575 926 2615 Chionides
953 2576 1183 2628 Eumolpus,
1214 2576 1316 2616 filius
1346 2576 1512 2616 Chiones
1542 2579 1581 2614 et
1612 2575 1804 2627 Neptuni.
1837 2598 1880 2603 —

397 2636 629 2689 Eumolpus,
657 2640 707 2678 cf.
736 2641 786 2678 ad
815 2640 870 2679 Π.
898 2642 934 2687 9,
962 2643 997 2679 2.
1032 2664 1073 2668 -
1102 2641 1147 2680 in
1175 2641 1337 2693 Orphea,
1366 2641 1555 2691 magister
1580 2640 1770 2691 Eumolpi
1796 2644 1881 2679 erat

399 2700 522 2752 igitur
541 2702 721 2754 Orpheus
729 2719 738 2751 ς
758 2706 807 2743 cf.
828 2705 878 2744 ad
894 2705 948 2744 II.
964 2707 1000 2752 9,
1016 2707 1077 2744 53.
1096 2729 1136 2733 —
1151 2707 1302 2758 Phryya
1323 2737 1330 2745 .
1347 2737 1355 2745 .
1372 2737 1380 2745 .
1399 2707 1582 2757 Satyrum
1600 2736 1607 2744 .
1630 2736 1637 2743 .
1657 2736 1665 2744 .
1681 2704 1881 2757 Olympus,
