1990 3271
1609 338 1648 371 21

214 461 262 500 V.
295 461 357 499 46.
391 459 569 506 incertas,
604 463 766 510 propter
798 458 1074 498 infirmitatem
1109 464 1337 498 trementes.

214 525 261 564 V.
291 527 352 564 48.
384 537 540 576 ponam,
570 525 621 563 cf.
652 536 772 574 supra
801 524 853 562 ad
882 537 942 562 vs.
973 525 1034 562 36.

214 589 260 628 V.
288 591 348 628 50.
375 588 623 634 Sarmaticos,
650 589 700 627 cf.
728 588 778 626 ad
806 587 923 626 Trist.
952 587 983 626 I.
1010 590 1046 633 2,
1074 589 1135 627 82.

213 654 259 692 V.
298 655 460 693 57—58.
496 652 679 692 recitata.
701 682 708 690 .
729 652 942 698 .car⁴mina,
979 652 1240 702 cogitandum
1277 653 1325 691 de
1361 653 1529 704 publicis
1566 667 1648 693 car-

161 718 316 757 minum
348 717 663 763 recitationibus,
699 717 805 767 quod
841 717 978 755 Romae
1014 730 1059 756 eo
1093 721 1273 767 tempore
1307 718 1489 769 exemplo
1524 718 1650 758 Asinii

160 782 348 822 Pollionis
371 795 479 821 more
498 785 704 832 receptum
726 781 815 820 fuit.
839 805 882 810 —
900 781 1046 821 Pieriis
1064 781 1261 833 invigilate
1283 782 1418 828 choris,
1441 781 1650 834 invigilate

159 847 297 893 Musis,
324 846 348 885 i.
377 860 409 885 e.
437 846 679 885 carminibus
705 846 911 886 faciendis.
939 847 1038 885 Erat
1065 846 1171 885 enim
1198 846 1316 886 Cotta
1341 847 1542 886 Maximus
1567 861 1649 887 non

157 912 286 951 solum
312 914 460 957 orator,
486 911 554 950 sed
581 911 705 949 etiam
730 916 864 962 poeta;
891 912 941 950 cf.
968 911 1071 949 infra
1099 912 1175 950 ΠΙ.
1204 915 1238 957 5,
1266 913 1327 950 39.
1357 912 1424 962 (ad
1452 912 1646 964 Cottam:

156 975 318 1015 «recitas
346 977 499 1015 factum
526 976 644 1015 modo
671 989 830 1014 carmen
858 975 1011 1015 amicis»
1037 979 1076 1014 et
1104 976 1173 1015 IV.
1202 978 1262 1022 16,
1290 978 1351 1015 42.
1383 977 1447 1026 (de
1474 977 1646 1029 eodem):

154 1040 378 1080 «Pieridum
409 1041 543 1079 lumen
587 1040 893 1091 praesidiumque
926 1040 1028 1079 fori».
1067 1065 1109 1068 —
1140 1041 1313 1080 Pieriis.
1336 1072 1343 1079 .
1365 1042 1526 1088 .ch0ris,
1560 1042 1646 1081 Mu·

155 1118 291 1145 sarum
312 1105 454 1152 choris,
478 1107 527 1145 cf.
553 1106 603 1144 ad
627 1105 744 1144 Trist.
770 1105 846 1144 ΙΙΙ.
871 1107 907 1152 2,
931 1106 968 1144 3.

210 1170 256 1209 V.
284 1172 344 1210 62.
373 1171 490 1216 Getes,
518 1170 568 1209 cf.
596 1171 646 1208 ad
674 1169 790 1208 Trist.
821 1170 896 1208 III.
924 1172 960 1216 3,
988 1172 1023 1209 6.

212 1235 261 1274 V.
297 1237 358 1274 63.
393 1235 586 1281 Histrum,
621 1235 821 1285 regionem
855 1235 996 1274 Histri.

213 1300 260 1339 V.
290 1301 351 1339 69.
381 1300 532 1345 theatro,
563 1299 774 1338 auditorio.

208 1365 256 1403 V.
280 1366 442 1404 71—72.
466 1364 577 1410 istuc,
601 1364 790 1410 Romanu
813 1365 863 1403 cf.
888 1365 938 1402 ad
962 1364 1079 1403 Trist.
1105 1365 1181 1403 ΠΙ.
1203 1366 1238 1403 3.
1260 1367 1321 1404 25.
1345 1389 1387 1393 —
1412 1366 1493 1415 Quo
1516 1365 1645 1405 boreas

157 1428 286 1481 pinna
314 1428 506 1479 deficiente
535 1429 648 1474 venit,
680 1428 773 1479 quia
804 1430 933 1467 Roma
963 1430 1100 1479 procul
1130 1433 1188 1468 est
1219 1443 1241 1468 a
1270 1434 1385 1480 parte
1415 1435 1528 1469 terrae
1558 1444 1643 1482 sep-

157 1493 405 1539 tentrionali,
431 1493 499 1532 ubi
525 1498 645 1544 poeta
670 1498 861 1532 moratur.

207 1558 254 1597 V.
275 1560 440 1598 73—74.
461 1559 564 1606 coelo,
583 1562 671 1597 toto
691 1559 797 1598 caelo.
822 1582 864 1586 —
892 1559 1005 1604 Ursa,
1027 1559 1135 1598 sidus
1157 1559 1267 1599 Ursae
1287 1559 1448 1598 Maioris
1469 1559 1509 1598 in
1529 1563 1645 1611 parte

157 1622 241 1663 caeli
269 1623 583 1674 septentrionali.

207 1688 254 1727 V.
281 1689 444 1728 79—80.
473 1689 607 1739 Syene,
635 1701 740 1727 nunc
770 1689 944 1734 Assuari,
972 1689 1066 1727 urbs
1094 1689 1267 1740 Aegypti
1294 1689 1564 1728 meridionalis
1591 1689 1643 1728 ad

157 1753 255 1792 fines
274 1752 493 1803 Aethiopiae
512 1752 604 1791 sita.
628 1776 670 1780 —
694 1753 961 1805 Taprobanen,
985 1767 1089 1792 nunc
1107 1754 1261 1804 Ceylori,
1279 1754 1406 1792 insula
1424 1754 1466 1792 in
1485 1754 1642 1794 Oceano

160 1816 312 1856 Indico.

205 1882 253 1920 V.
279 1883 340 1920 82.
363 1881 569 1920 Pleiadum
589 1912 595 1919 .
616 1912 624 1920 .
646 1912 653 1920 .
671 1882 794 1933 siyria,
821 1882 1012 1928 Pleiades,
1038 1882 1145 1921 sidus
1165 1896 1214 1921 ex
1232 1887 1386 1934 septem
1404 1883 1530 1922 stellis
1549 1896 1642 1922 con·

154 1949 278 1993 stans,
304 1946 446 1985 Latine
468 1946 659 1998 Verqilioe,
680 1947 909 1997 Hungarice
928 1946 1106 1998 fiastyzik,
1128 1947 1361 1987 Germanice
1385 1948 1640 1988 Gluckhemie.

204 2011 252 2051 V.
278 2012 441 2050 83—84.
466 2010 578 2057 istuc,
605 2012 793 2058 Romanu
819 2013 869 2050 cf.
897 2025 1016 2063 supra
1041 2013 1092 2050 ad
1115 2025 1174 2051 vs.
1201 2015 1262 2052 71.
1294 2036 1336 2040 —
1364 2026 1451 2052 cum
1474 2013 1640 2059 domino,

153 2074 180 2114 i.
214 2088 246 2114 e.
279 2089 371 2115 cum
401 2080 532 2126 poeta.

203 2140 252 2180 V.
275 2141 337 2180 88.
361 2141 405 2180 de
426 2146 557 2180 nostra
579 2145 706 2187 morte,
732 2142 780 2180 de
803 2141 936 2188 exilio;
961 2142 1011 2181 cf.
1037 2142 1088 2180 ad
1112 2141 1228 2180 Trist.
1255 2142 1287 2180 1.
1313 2144 1347 2188 1,
1372 2144 1434 2182 27.

726 2318 812 2357 Mb.
837 2318 874 2357 1.
899 2317 1011 2369 epist.
1035 2318 1072 2357 6.

706 2417 775 2460 Ad
809 2417 1090 2461 Graecinum.

207 2526 246 2564 C.
291 2526 535 2578 Pomponius
579 2529 792 2575 Graecinus,
836 2531 971 2568 fautor
1014 2533 1053 2568 et
1097 2529 1247 2568 amicus
1291 2529 1440 2575 Ovidii,
1485 2530 1641 2570 Tiberio

151 2590 400 2640 gratissimus
432 2593 497 2643 (cf.
529 2593 597 2632 IV.
628 2596 664 2639 9,
695 2595 891 2646 67—70.)‚
921 2594 998 2633 fuit
1026 2594 1163 2633 consul
1191 2594 1385 2633 suffectus
1415 2607 1478 2632 an.
1509 2596 1569 2633 16.
1600 2609 1638 2646 p.

152 2654 242 2694 Chr.
271 2668 310 2693 n.
341 2656 403 2694 Ad
429 2658 598 2696 eundem
623 2658 727 2697 infra
754 2659 808 2698 Π.
836 2660 870 2697 6.
900 2663 939 2697 et
966 2659 1034 2698 IV.
1062 2660 1100 2697 9.

204 2719 251 2758 V.
282 2721 393 2760 1—2.
420 2735 515 2761 riam
540 2727 572 2761 te
598 2723 748 2762 diversa
774 2724 917 2763 tenebat
946 2724 1075 2769 Terra,
1103 2723 1129 2761 i.
1161 2737 1193 2762 e.
1223 2723 1427 2763 Graeeinus
1454 2723 1590 2774 procul
1617 2736 1641 2763 a

156 2783 289 2823 Roma
315 2788 413 2831 erat,
442 2799 533 2825 cum
561 2787 728 2827 Ovidius
754 2789 950 2838 relegatus
978 2792 1049 2827 est.
