1990 3271
365 258 409 292 36

413 381 460 419 V.
488 382 550 419 23.
577 380 721 426 Lethes,
749 380 899 419 fluvius
926 381 1033 431 apud
1059 380 1218 426 inferos,
1247 381 1352 419 unde
1379 381 1621 420 oblivionem
1649 382 1848 432 potabant

363 445 507 484 animae
535 449 799 484 mortuorum.

414 509 462 548 V.
488 511 651 548 25—26.
679 509 845 548 brumali
868 510 1003 556 sidere,
1029 513 1220 561 tempore,
1247 523 1326 560 quo
1350 509 1517 549 hiberna
1541 510 1671 548 sidera
1695 510 1849 562 fulgent

362 574 403 613 in
424 574 532 620 ezelo,
555 574 580 612 i.
603 588 635 612 e.
657 574 798 613 hieme.
829 598 870 602 —
904 575 1133 620 solstitialis,
1155 575 1413 624 cogitandum
1437 575 1485 613 de
1505 575 1675 614 solstitio
1697 575 1849 614 aestivo.

414 639 462 678 V.
484 640 648 678 27-28.
672 639 861 689 Babylon,
882 639 922 677 in
943 639 1247 690 Mesopotamia,
1269 639 1308 677 in
1330 644 1437 678 terra·
1458 639 1598 678 calida.
1624 663 1667 667 —
1686 639 1848 686 Pontus,

362 716 416 742 sc.
448 703 643 742 Euxinus.
679 727 721 732 —
750 704 954 743 Paestanas
972 734 980 741 .
1002 734 1009 742 .
1031 734 1038 742 .
1057 717 1176 750 rosa-s,
1208 704 1397 750 Paestum,
1428 704 1622 755 oppidum
1651 704 1850 751 Lucaniae,

363 767 515 807 clarum
548 768 719 813 rosariis,
754 781 841 818 quae
875 768 1089 818 quotannis
1122 768 1194 814 bis,
1227 782 1320 807 vere
1352 772 1392 807 et
1425 772 1600 808 aetumno
1633 769 1849 816 florebant;

361 833 412 872 cf.
441 833 556 882 Verg.
587 834 655 871 Ge.
687 833 754 871 IV.
786 833 874 870 119:
900 833 1114 882 «biferique
1141 833 1290 872 rosaria
1318 834 1479 872 Paesti».

413 897 460 935 V.
487 898 548 936 30.
575 897 752 942 candida,
780 897 889 943 felix3
917 898 966 935 cf.
993 897 1043 935 ad
1071 897 1188 936 Trist.
1217 897 1285 936 IV.
1314 900 1347 944 1,
1375 899 1538 936 63-64.

928 1075 1012 1114 Lib.
1038 1076 1099 1115 11.
1121 1075 1234 1127 epist.
1258 1076 1295 1114 5.

937 1177 1011 1221 Ad
1043 1176 1284 1221 Salanum.

416 1289 598 1334 Salanus,
630 1289 781 1327 amicus
814 1289 947 1328 Ovidii
979 1290 1138 1328 aliunde
1168 1303 1247 1328 non
1278 1292 1413 1334 notus,
1445 1292 1530 1327 erat
1561 1291 1696 1327 orator
1726 1288 1866 1338 bonus

365 1356 406 1392 et
431 1353 592 1392 Caesaris
619 1354 843 1392 Germanici
868 1354 908 1392 in
932 1355 1140 1393 rhetoricis
1165 1354 1369 1403 magister3
1394 1355 1443 1392 cf.
1468 1353 1572 1391 infra
1596 1366 1654 1391 vs.
1678 1355 1740 1391 41.
1764 1365 1853 1404 sqq.

415 1418 462 1456 V.
508 1420 542 1456 1.
585 1418 812 1470 disparibus
852 1419 1038 1465 numeris,
1081 1419 1262 1458 distichis
1305 1418 1497 1468 elegiacis,
1538 1419 1772 1457 hexametro
1813 1420 1854 1456 et

366 1487 634 1533 pentametro.

418 1548 466 1586 V.
499 1550 535 1585 3.
569 1548 675 1597 Qaae,
706 1549 812 1586 salus
847 1562 869 1587 a
900 1562 963 1587 me
994 1549 1067 1587 tibi
1099 1553 1255 1600 optata.
1291 1571 1333 1575 —
1367 1549 1547 1600 rebusque
1577 1552 1617 1586 ut
1647 1547 1857 1599 comprobet

366 1625 490 1658 omen,
521 1617 565 1651 ut
593 1626 674 1651 vox
703 1613 810 1652 salas
837 1627 931 1652 vero
959 1618 1108 1652 eventu
1136 1614 1367 1664 comprobet
1395 1627 1510 1652 omen
1538 1613 1634 1651 illud
1662 1614 1855 1659 faustum,

365 1677 472 1727 quod
501 1678 539 1715 in
569 1691 610 1716 se
638 1678 835 1724 continet;
864 1682 923 1717 est·
952 1679 1057 1717 enim
1084 1692 1166 1717 vox
1192 1678 1284 1717 boni
1313 1678 1468 1717 ominis.

417 1742 465 1780 V.
503 1746 537 1780 5.
573 1743 741 1788 Candor,
779 1743 953 1790 bonitas,
990 1743 1283 1782 benevolentia.

417 1807 464 1845 V.
495 1809 554 1845 11.
583 1807 806 1859 Optastique
831 1808 974 1847 brevem
997 1808 1097 1847 salvi
1120 1808 1221 1847 mihi
1243 1808 1412 1848 Caesaris
1436 1808 1550 1854 iram,
1575 1808 1649 1846 hoc
1673 1807 1758 1846 loco
1784 1819 1855 1858 pro

368 1871 467 1910 salvi·
495 1872 707 1922 legendum
737 1886 893 1912 censeo:
935 1873 1061 1912 salvo:
1091 1873 1116 1912 i.
1147 1887 1180 1912 e.
1211 1873 1375 1924 optasti,
1405 1877 1450 1912 ut
1479 1873 1537 1911 ira
1567 1871 1728 1912 Caesaris
1757 1870 1855 1910 mihi

370 1936 502 1975 brevis
528 1937 579 1975 sit
608 1942 733 1987 utque
760 1951 831 1988 ego
857 1939 992 1977 salvus
1019 1938 1190 1977 sentiam
1217 1939 1317 1976 iram
1345 1938 1506 1978 Caesaris
1532 1938 1701 1977 finitam.

420 2001 467 2039 V.
496 2003 556 2039 18.
583 2003 758 2053 Auqusta
782 2017 887 2054 pace,
912 2004 962 2042 cf.
987 2004 1037 2041 ad
1062 2003 1094 2042 I.
1120 2006 1154 2049 1,
1179 2006 1223 2042 31
1235 2005 1343 2042 -—32.

420 2065 467 2104 V.
500 2068 561 2104 23.
593 2067 797 2117 sassi-aym,
830 2069 956 2107 favor.

421 2130 468 2168 V.
505 2133 667 2170 27—28.
704 2133 908 2184 triumphi,
944 2146 997 2172 sc.
1034 2133 1179 2171 Tiberii
1216 2134 1263 2171 de
1298 2133 1505 2172 Pannonia
1541 2136 1579 2171 et
1616 2131 1768 2183 Illyria3
1804 2131 1854 2170 cf.

370 2195 420 2233 ad
441 2195 494 2233 II.
518 2198 552 2241 1,
574 2199 607 2234 1.
632 2220 673 2223 —-
697 2198 833 2236 Ausus
851 2211 937 2236 sam
955 2202 1070 2236 tantoe
1087 2211 1233 2237 sumere
1251 2198 1363 2237 molis
1380 2211 1490 2249 opus,
1510 2197 1677 2237 Ovidius
1695 2195 1853 2247 scripsit

370 2272 528 2298 carmen
550 2261 794 2312 triumphale
813 2263 853 2300 in
872 2263 1064 2302 honorem
1085 2263 1246 2309 Tiberii,
1268 2263 1374 2313 quod
1395 2264 1446 2301 ad
1466 2275 1538 2301 nos
1556 2276 1637 2301 non
1657 2260 1855 2313 pervenit;

371 2324 418 2362 de
442 2325 580 2363 eodem
604 2327 780 2365 carmine
802 2327 905 2366 infra
931 2328 1008 2366 III.
1033 2331 1069 2374 4,
1095 2330 1130 2366 3.
1155 2341 1242 2379 sqq.

422 2389 470 2427 V.
501 2391 561 2427 36.
595 2392 759 2429 Accedat
788 2393 966 2432 cumulus
990 2393 1115 2444 qratia
1142 2397 1273 2432 nostra
1303 2393 1406 2439 levis,
1437 2393 1601 2431 accedat
1630 2391 1703 2430 tibi
1733 2391 1856 2430 etiam

370 2453 501 2503 gratia
528 2459 680 2501 nostra,
707 2470 794 2505 quae
821 2461 926 2496 certe
951 2457 1050 2496 levis
1075 2458 1257 2496 cumulus
1284 2462 1343 2497 est
1369 2458 1419 2496 ad
1445 2457 1616 2508 gratiam
1643 2456 1854 2502 Caesarum,

371 2531 451 2567 qua
480 2519 634 2558 frueris.

422 2582 469 2620 V.
487 2585 548 2621 41.
567 2584 630 2622 cui
647 2585 711 2623 dat
728 2586 937 2625 Germania
953 2600 1105 2633 nomen,
1124 2588 1251 2627 Caesar
1268 2588 1539 2634 Germanicus,
1557 2587 1618 2626 cui
1635 2598 1854 2637 cognomen

372 2646 596 2686 Germanici
640 2653 754 2699 pater
795 2651 968 2701 reliquit,
1012 2652 1164 2691 Drusus
1206 2653 1344 2699 maior,
1386 2653 1574 2692 subactor
1615 2650 1853 2696 Germaniae3

371 2712 423 2750 cf.
458 2725 579 2763 supra
615 2714 665 2751 ad
702 2714 754 2752 Π.
792 2717 826 2753 1.
