1990 3271
386 291 431 324 54

386 412 603 463 triumphus
639 411 755 456 adest,
784 413 827 447 ut
855 422 904 447 ex
930 409 1004 446 hoc
1032 421 1090 445 vs.
1119 411 1159 445 et
1186 407 1290 445 infra
1317 420 1366 446 ex
1392 421 1470 447 vss.
1499 410 1689 448 99—100.
1717 410 1864 458 elucet,

386 477 552 517 Ovidius
588 475 758 526 putabat
794 473 995 511 Tiberium
1030 476 1120 522 post
1155 471 1406 523 triumphum
1441 473 1488 511 de
1524 473 1660 524 Illyria
1693 474 1734 512 in
1771 475 1863 514 Ger-

386 541 561 580 maniam
580 539 815 584 rediturum,
835 542 880 576 ut
899 537 1047 575 bellum
1064 536 1119 575 ibi
1137 549 1230 575 ann.
1250 551 1288 588 p.
1309 537 1398 576 Chr.
1416 551 1456 576 n.
1477 540 1638 578 10—12.
1657 538 1865 590 inceptum

386 607 516 645 finiret
538 609 577 644 et
598 617 691 643 mox
712 603 834 641 etiam
856 603 904 640 de
930 601 1140 641 Germania
1162 601 1443 652 triumpharet.
1478 602 1592 650 Quod
1611 616 1692 642 non
1713 603 1864 643 evenit:

384 684 479 710 nain
517 672 720 719 Augustus
758 667 949 706 Caesarem
986 666 1265 705 Germanicum
1301 667 1410 706 misit
1445 667 1485 705 in
1523 667 1777 707 Germa-niam
1813 668 1865 708 ad

386 735 535 785 reliqua
562 734 651 772 belli
677 733 888 783 patranda.
915 731 972 769 Cf.
997 730 1096 769 Vell.
1119 730 1253 770 Pater.
1278 731 1333 770 II.
1359 733 1445 771 123.
1473 755 1515 759 —
1537 731 1679 778 Rhene,
1704 732 1864 772 Germa-

385 800 491 839 niam
518 798 728 847 significat.

436 865 482 901 V.
512 864 674 901 89—90.
705 865 903 906 motorum,
936 860 1072 899 divino
1105 861 1281 910 quodam
1311 861 1468 900 monitu
1499 866 1784 912 permotorum.
1819 885 1863 890 —

386 928 526 967 Danda
546 927 632 966 Iovi
649 927 797 971 laurus,
815 926 865 964 cf.
883 926 934 964 ad
953 925 1007 964 Π.
1027 927 1061 971 1,
1080 926 1191 965 67.-
1209 925 1318 977 prior
1329 926 1411 972 illa,
1429 926 1453 964 i.
1471 939 1504 965 e.
1521 926 1654 965 laurus
1670 926 1864 978 triumphi

386 992 546 1043 Illyrici.

435 1058 481 1095 V.
511 1058 572 1095 92.
595 1069 673 1095 non
696 1056 785 1095 bene
807 1055 968 1107 pacatis,
993 1056 1045 1094 cf.
1070 1055 1120 1093 ad
1145 1055 1200 1094 ΙΙ.
1225 1058 1260 1100 7,
1284 1057 1320 1094 2.

436 1122 483 1161 V.
512 1122 573 1160 93.
599 1121 691 1160 deus
716 1125 768 1159 est
792 1120 836 1159 in
859 1125 1003 1172 pectore
1025 1125 1166 1166 nostro,
1191 1121 1241 1159 cf.
1268 1121 1343 1160 Ov.
1369 1121 1479 1159 Fast.
1500 1120 1569 1159 VI.
1590 1124 1628 1159 5:
1651 1120 1743 1160 «Est
1768 1121 1865 1160 deus

383 1187 423 1225 in
449 1186 576 1231 nobis,
603 1185 782 1236 agitante
807 1185 1037 1224 calescimus
1062 1185 1155 1224 illo».

435 1252 482 1289 Y.
511 1252 674 1290 97—98.
710 1250 863 1300 Perfida
884 1281 891 1288 .
913 1281 920 1288 .
941 1281 948 1288 .
967 1250 1188 1295 Germania,
1227 1250 1369 1289 alludit
1407 1251 1457 1289 ad
1496 1251 1679 1289 fraudem
1717 1251 1865 1290 ducum

386 1316 688 1361 Germanorum,
719 1328 797 1365 qua
829 1315 1044 1363 Quintilius
1073 1315 1200 1354 Varus
1230 1316 1419 1366 deeeptus
1449 1319 1488 1354 et
1517 1315 1555 1353 in
1585 1315 1691 1354 saltu
1721 1315 1871 1355 Teuto-.

384 1380 581 1431 burgiensi
601 1394 665 1418 an.
686 1381 722 1419 9.
743 1394 782 1431 p.
804 1380 892 1419 Chr.
912 1394 953 1419 n.
974 1380 1156 1419 devictus
1177 1384 1251 1419 est.
1274 1403 1316 1407 —
1339 1380 1547 1419 Germania
1565 1380 1703 1432 proicit
1721 1380 1864 1428 hastas,

379 1446 409 1484 i.
435 1459 468 1484 e.
492 1458 533 1483 se
557 1445 666 1484 dedit
690 1445 896 1484 Romanis.
924 1468 967 1472 —
993 1458 1114 1491 omen,
1137 1445 1386 1484 vaticinium.

434 1511 481 1549 Y.
514 1512 597 1549 100.
632 1510 776 1556 Filius,
809 1510 1001 1549 Tiberius.
1038 1533 1078 1537 —
1111 1510 1282 1549 iunctis.
1303 1541 1310 1548 .
1332 1510 1476 1562 ‚equis,
1506 1510 1546 1548 in
1577 1523 1694 1550 curru
1724 1510 1864 1549 trium·

384 1575 506 1626 phali.

435 1641 481 1678 V.
514 1641 725 1679 101—102.
760 1644 915 1686 ostrum,
950 1644 1086 1690 togam
1121 1640 1270 1690 pictam
1306 1641 1577 1691 (purpuream)
1613 1640 1863 1691 triumphan-

382 1705 446 1744 tis.
476 1728 517 1733 -
545 1718 695 1751 corona,
721 1718 774 1744 sc.
800 1706 948 1744 laurea.

433 1770 480 1808 V.
512 1772 725 1809 103—104.
755 1771 886 1816 Scuta,
915 1770 982 1809 sed
1008 1774 1041 1809 et
1065 1770 1194 1821 9aleae,
1223 1783 1276 1809 sc.
1305 1770 1345 1808 in
1374 1769 1550 1821 t-ropaeis3
1579 1771 1629 1810 cf.
1658 1783 1778 1821 supra
1808 1769 1864 1809 II.

383 1837 416 1881 1,
443 1837 606 1874 40—41.
638 1858 679 1862 ——
709 1839 845 1874 trunca.
870 1839 1027 1887 tropaea,
1055 1835 1149 1885 quia
1175 1839 1371 1886 tropaeum
1398 1838 1484 1874 erat
1510 1835 1627 1875 arbor
1652 1835 1790 1874 decisis
1817 1848 1866 1874 ex

381 1903 495 1950 parte
520 1900 640 1938 ramis
665 1903 867 1946 truncata,
892 1900 933 1938 in
959 1913 1035 1950 qua
1063 1901 1292 1950 pendebant
1317 1914 1428 1938 arma
1451 1900 1635 1939 hostibus
1661 1901 1865 1951 adempta.

430 1965 478 2002 V.
510 1966 722 2003 105—106.
764 1965 950 2016 Oppida.
971 1965 1200 2011 ..eburnam
1242 1965 1267 2003 i.
1304 1978 1337 2003 e.
1373 1965 1585 2004 simulacra
1627 1965 1866 2016 oppidorum

381 2034 592 2080 captorum
628 2043 676 2067 ex
709 2030 828 2069 ebore
853 2031 974 2076 facta,
999 2030 1038 2068 in
1065 2030 1269 2081 triumpho
1303 2031 1517 2081 portanda:
1551 2031 1601 2069 cf.
1633 2043 1753 2081 supra
1788 2029 1866 2069 III.

381 2097 416 2140 1,
447 2096 508 2134 37.
543 2117 583 2121 —
619 2094 803 2146 Fictaque
831 2108 904 2141 res,
933 2095 959 2133 i.
989 2109 1022 2134 e.
1054 2108 1187 2146 pugna
1215 2095 1255 2133 in
1284 2095 1456 2146 imagine
1484 2098 1785 2146 repraesentata;
1814 2095 1866 2134 cf.

381 2159 436 2197 II.
464 2162 497 2205 1,
523 2161 584 2198 38.

428 2224 475 2262 V.
507 2226 720 2263 107—108.
755 2225 968 2276 Squalidus
1001 2225 1196 2264 immissos
1229 2224 1353 2275 fracta
1386 2225 1455 2263 sub
1489 2225 1707 2264 harundine
1741 2224 1865 2263 crines

375 2287 768 2340 Rhenus...portet,
805 2290 830 2328 i.
867 2303 900 2328 e.
936 2290 977 2328 in
1012 2290 1184 2340 imagine
1219 2289 1488 2340 conspiciatur
1524 2290 1619 2328 deus
1655 2289 1786 2328 Rheni
1821 2289 1862 2328 in

379 2353 605 2392 harundine
624 2354 800 2393 fluminis
818 2355 962 2400 latens3
981 2356 1031 2394 cf.
1051 2355 1168 2393 Trist.
1189 2354 1257 2393 IV.
1276 2356 1312 2400 2,
1330 2356 1394 2393 41:
1410 2355 1612 2393 «cornibus
1629 2355 1693 2394 hic
1711 2354 1864 2401 fractis,

378 2417 496 2456 viridi
532 2420 634 2457 male
668 2423 799 2457 tectus
833 2419 873 2458 in
908 2420 1015 2466 ulva,
1051 2419 1219 2459 Decolor
1251 2432 1336 2470 ipse
1369 2433 1439 2458 suo
1473 2419 1666 2470 sanguine
1699 2419 1866 2458 Rhenus

377 2487 491 2520 erat».
529 2506 569 2509 -—
605 2484 816 2535 Squalidus
848 2485 1043 2524 immissos
1074 2485 1281 2523 crines...
1306 2489 1436 2536 portet,
1469 2488 1679 2534 tamquam
1710 2484 1865 2534 lugens;

375 2546 557 2597 lugentes
579 2548 683 2585 enini
705 2549 888 2588 solebant
909 2550 1072 2600 capillos
1093 2550 1261 2595 solvere;
1284 2550 1333 2587 cf.
1357 2549 1477 2588 Trist.
1500 2549 1532 2588 Ι.
1554 2551 1590 2595 3,
1612 2551 1676 2588 90:
1694 2548 1864 2599 «Squali-

377 2611 450 2649 dus
477 2612 662 2651 immissis
687 2613 792 2652 hirta
821 2628 890 2664 per
914 2628 983 2654 ora
1009 2615 1159 2654 comis».
1190 2637 1232 2642 —
1260 2614 1485 2666 Squalidus,
1510 2614 1711 2659 horridus;
1737 2613 1863 2652 barba

375 2676 605 2726 capillisque
645 2678 826 2717 horridis.
873 2702 915 2706 —
958 2679 1081 2729 fracta
1120 2680 1190 2718 sub
1232 2679 1462 2725 harundine,
1502 2679 1686 2718 harundo
1727 2679 1857 2717 fracta

374 2740 628 2780 imminutam
675 2743 800 2781 Rheni
844 2747 1091 2794 potestatem
1132 2744 1343 2795 significat.
1389 2766 1431 2771 —
1474 2747 1593 2794 ‘portet
1632 2756 1765 2796 aquas,
1807 2742 1862 2781 dii
