<?xml version="1.0" encoding="UTF-8"?>
<!DOCTYPE html PUBLIC "-//W3C//DTD XHTML 1.0 Transitional//EN"
    "http://www.w3.org/TR/xhtml1/DTD/xhtml1-transitional.dtd">
<html xmlns="http://www.w3.org/1999/xhtml" xml:lang="en" lang="en">
 <head>
  <title>
</title>
<meta http-equiv="Content-Type" content="text/html;charset=utf-8" />
  <meta name='ocr-system' content='tesseract 3.04.00' />
  <meta name='ocr-capabilities' content='ocr_page ocr_carea ocr_par ocr_line ocrx_word'/>
</head>
<body>
  <div class='ocr_page' id='page_1' title='image "./commentariusexeg00nmuoft_0061.png"; bbox 0 0 1990 3271; ppageno 0'>
   <div class='ocr_carea' id='block_1_1' title="bbox 1511 313 1555 348">
    <p class='ocr_par' dir='ltr' id='par_1_1' title="bbox 1511 313 1555 348">
     <span class='ocr_line' id='line_1_1' title="bbox 1511 313 1555 348; baseline -0.023 0"><span class='ocrx_word' id='word_1_1' title='bbox 1511 313 1555 348; x_wconf 90' lang='lat'>37</span> 
     </span>
    </p>
   </div>
   <div class='ocr_carea' id='block_1_2' title="bbox 68 435 1561 2686">
    <p class='ocr_par' dir='ltr' id='par_1_2' title="bbox 70 435 1555 540">
     <span class='ocr_line' id='line_1_2' title="bbox 124 435 1555 486; baseline 0.001 -12"><span class='ocrx_word' id='word_1_2' title='bbox 124 436 171 474; x_wconf 90' lang='lat' dir='ltr'>V.</span> <span class='ocrx_word' id='word_1_3' title='bbox 200 439 263 475; x_wconf 88' lang='grc'>45.</span> <span class='ocrx_word' id='word_1_4' title='bbox 294 435 346 474; x_wconf 88' lang='lat' dir='ltr'>Te</span> <span class='ocrx_word' id='word_1_5' title='bbox 373 435 517 474; x_wconf 77' lang='lat' dir='ltr'><em>dicente</em></span> <span class='ocrx_word' id='word_1_6' title='bbox 545 435 669 486; x_wconf 76' lang='lat' dir='ltr'>prius,</span> <span class='ocrx_word' id='word_1_7' title='bbox 698 435 722 472; x_wconf 96' lang='lat' dir='ltr'><strong>i.</strong></span> <span class='ocrx_word' id='word_1_8' title='bbox 751 448 784 473; x_wconf 81' lang='lat' dir='ltr'>e.</span> <span class='ocrx_word' id='word_1_9' title='bbox 810 435 978 474; x_wconf 83' lang='lat' dir='ltr'>Salanus</span> <span class='ocrx_word' id='word_1_10' title='bbox 1006 440 1088 473; x_wconf 87' lang='lat' dir='ltr'>erat</span> <span class='ocrx_word' id='word_1_11' title='bbox 1119 436 1306 485; x_wconf 78' lang='lat' dir='ltr'>magister</span> <span class='ocrx_word' id='word_1_12' title='bbox 1333 436 1555 476; x_wconf 74' lang='lat' dir='ltr'>Germanici</span> 
     </span>
     <span class='ocr_line' id='line_1_3' title="bbox 70 500 360 540; baseline -0.01 0"><span class='ocrx_word' id='word_1_13' title='bbox 70 500 111 540; x_wconf 91' lang='lat' dir='ltr'>in</span> <span class='ocrx_word' id='word_1_14' title='bbox 140 500 360 539; x_wconf 87' lang='lat' dir='ltr'>rhetoricis.</span> 
     </span>
    </p>

    <p class='ocr_par' dir='ltr' id='par_1_3' title="bbox 122 564 1502 616">
     <span class='ocr_line' id='line_1_4' title="bbox 122 564 1502 616; baseline 0 -13"><span class='ocrx_word' id='word_1_15' title='bbox 122 565 169 604; x_wconf 90' lang='lat' dir='ltr'>V.</span> <span class='ocrx_word' id='word_1_16' title='bbox 196 566 259 603; x_wconf 84' lang='lat'>48.</span> <span class='ocrx_word' id='word_1_17' title='bbox 291 565 485 616; x_wconf 77' lang='lat' dir='ltr'>Tectaque,</span> <span class='ocrx_word' id='word_1_18' title='bbox 516 565 656 602; x_wconf 86' lang='lat' dir='ltr'>domus</span> <span class='ocrx_word' id='word_1_19' title='bbox 685 577 823 602; x_wconf 90' lang='lat' dir='ltr'>vocem</span> <span class='ocrx_word' id='word_1_20' title='bbox 849 564 981 603; x_wconf 83' lang='lat' dir='ltr'>Salani</span> <span class='ocrx_word' id='word_1_21' title='bbox 1011 564 1273 603; x_wconf 77' lang='lat' dir='ltr'>declamantis</span> <span class='ocrx_word' id='word_1_22' title='bbox 1300 578 1502 603; x_wconf 76' lang='lat' dir='ltr'>resonans.</span> 
     </span>
    </p>

    <p class='ocr_par' dir='ltr' id='par_1_4' title="bbox 68 628 1556 1127">
     <span class='ocr_line' id='line_1_5' title="bbox 122 628 1555 679; baseline 0 -11"><span class='ocrx_word' id='word_1_23' title='bbox 122 629 169 668; x_wconf 91' lang='lat' dir='ltr'>V.</span> <span class='ocrx_word' id='word_1_24' title='bbox 203 631 367 668; x_wconf 85' lang='lat'><strong>49—50.</strong></span> <span class='ocrx_word' id='word_1_25' title='bbox 404 628 847 679; x_wconf 71' lang='lat' dir='ltr'>Iuleo...c09nomine‚</span> <span class='ocrx_word' id='word_1_26' title='bbox 884 628 1117 677; x_wconf 76' lang='lat' dir='ltr'>cognomine</span> <span class='ocrx_word' id='word_1_27' title='bbox 1149 629 1292 675; x_wconf 83' lang='lat' dir='ltr'>Caesar,</span> <span class='ocrx_word' id='word_1_28' title='bbox 1329 630 1434 679; x_wconf 89' lang='lat' dir='ltr'>quod</span> <span class='ocrx_word' id='word_1_29' title='bbox 1471 635 1555 668; x_wconf 87' lang='lat' dir='ltr'>erat</span> 
     </span>
     <span class='ocr_line' id='line_1_6' title="bbox 68 692 1552 745; baseline -0.001 -12"><span class='ocrx_word' id='word_1_30' title='bbox 68 707 293 745; x_wconf 81' lang='lat' dir='ltr'>cognomen</span> <span class='ocrx_word' id='word_1_31' title='bbox 319 693 528 738; x_wconf 88' lang='lat' dir='ltr'>Iuliorum;</span> <span class='ocrx_word' id='word_1_32' title='bbox 554 694 604 732; x_wconf 86' lang='lat' dir='ltr'><strong>cf.</strong></span> <span class='ocrx_word' id='word_1_33' title='bbox 630 693 680 731; x_wconf 84' lang='lat' dir='ltr'>ad</span> <span class='ocrx_word' id='word_1_34' title='bbox 707 692 761 731; x_wconf 88' lang='lat' dir='ltr'>II.</span> <span class='ocrx_word' id='word_1_35' title='bbox 786 694 822 738; x_wconf 91' lang='grc'>2,</span> <span class='ocrx_word' id='word_1_36' title='bbox 848 694 909 730; x_wconf 82' lang='grc'>84.</span> <span class='ocrx_word' id='word_1_37' title='bbox 938 715 979 719; x_wconf 86' lang='grc'><strong>-</strong></span> <span class='ocrx_word' id='word_1_38' title='bbox 1007 693 1128 739; x_wconf 80' lang='lat' dir='ltr'>Iuleo,</span> <span class='ocrx_word' id='word_1_39' title='bbox 1153 694 1202 732; x_wconf 86' lang='lat' dir='ltr'>cf.</span> <span class='ocrx_word' id='word_1_40' title='bbox 1227 694 1278 731; x_wconf 88' lang='lat' dir='ltr'>ad</span> <span class='ocrx_word' id='word_1_41' title='bbox 1304 693 1335 732; x_wconf 95' lang='lat' dir='ltr'>I.</span> <span class='ocrx_word' id='word_1_42' title='bbox 1362 696 1396 739; x_wconf 89' lang='lat'>1,</span> <span class='ocrx_word' id='word_1_43' title='bbox 1421 696 1482 732; x_wconf 81' lang='lat'>46.</span> <span class='ocrx_word' id='word_1_44' title='bbox 1511 717 1552 722; x_wconf 91' lang='lat'><strong>—</strong></span> 
     </span>
     <span class='ocr_line' id='line_1_7' title="bbox 69 757 1555 809; baseline -0.001 -11"><span class='ocrx_word' id='word_1_45' title='bbox 69 759 116 798; x_wconf 84' lang='lat' dir='ltr'>ab</span> <span class='ocrx_word' id='word_1_46' title='bbox 150 759 228 798; x_wconf 82' lang='lat' dir='ltr'>eois</span> <span class='ocrx_word' id='word_1_47' title='bbox 261 758 419 807; x_wconf 67' lang='lat' dir='ltr'>Lucifer</span> <span class='ocrx_word' id='word_1_48' title='bbox 451 762 555 796; x_wconf 76' lang='lat' dir='ltr'>ortus</span> <span class='ocrx_word' id='word_1_49' title='bbox 588 757 714 809; x_wconf 77' lang='lat' dir='ltr'>aquis,</span> <span class='ocrx_word' id='word_1_50' title='bbox 749 771 797 795; x_wconf 88' lang='lat' dir='ltr'>ex</span> <span class='ocrx_word' id='word_1_51' title='bbox 832 770 979 796; x_wconf 84' lang='lat' dir='ltr'>oceano</span> <span class='ocrx_word' id='word_1_52' title='bbox 1013 758 1210 804; x_wconf 80' lang='lat' dir='ltr'>orientali,</span> <span class='ocrx_word' id='word_1_53' title='bbox 1246 759 1351 797; x_wconf 91' lang='lat' dir='ltr'>unde</span> <span class='ocrx_word' id='word_1_54' title='bbox 1385 759 1555 805; x_wconf 79' lang='lat' dir='ltr'>Lucifer,</span> 
     </span>
     <span class='ocr_line' id='line_1_8' title="bbox 71 822 1555 873; baseline -0.001 -10"><span class='ocrx_word' id='word_1_55' title='bbox 71 823 187 863; x_wconf 79' lang='lat' dir='ltr'>stella</span> <span class='ocrx_word' id='word_1_56' title='bbox 218 823 433 868; x_wconf 84' lang='lat' dir='ltr'>matutina,</span> <span class='ocrx_word' id='word_1_57' title='bbox 466 826 505 860; x_wconf 82' lang='lat' dir='ltr'>et</span> <span class='ocrx_word' id='word_1_58' title='bbox 536 822 601 862; x_wconf 90' lang='lat' dir='ltr'>Sol</span> <span class='ocrx_word' id='word_1_59' title='bbox 634 835 750 860; x_wconf 85' lang='lat' dir='ltr'>mane</span> <span class='ocrx_word' id='word_1_60' title='bbox 783 835 981 872; x_wconf 78' lang='lat' dir='ltr'>emergere</span> <span class='ocrx_word' id='word_1_61' title='bbox 1013 823 1275 873; x_wconf 84' lang='lat' dir='ltr'>putabantur.</span> <span class='ocrx_word' id='word_1_62' title='bbox 1312 846 1353 850; x_wconf 97' lang='lat'><strong>—</strong></span> <span class='ocrx_word' id='word_1_63' title='bbox 1386 823 1555 873; x_wconf 74' lang='lat' dir='ltr'>Lucifer,</span> 
     </span>
     <span class='ocr_line' id='line_1_9' title="bbox 69 887 1556 939; baseline 0 -13"><span class='ocrx_word' id='word_1_64' title='bbox 69 888 182 927; x_wconf 87' lang='lat' dir='ltr'>stella</span> <span class='ocrx_word' id='word_1_65' title='bbox 215 887 382 937; x_wconf 86' lang='lat' dir='ltr'>fulgens,</span> <span class='ocrx_word' id='word_1_66' title='bbox 416 891 675 937; x_wconf 86' lang='lat' dir='ltr'>comparatur</span> <span class='ocrx_word' id='word_1_67' title='bbox 707 900 798 926; x_wconf 87' lang='lat' dir='ltr'>cum</span> <span class='ocrx_word' id='word_1_68' title='bbox 824 887 1058 926; x_wconf 85' lang='lat' dir='ltr'>Germanico</span> <span class='ocrx_word' id='word_1_69' title='bbox 1083 888 1294 926; x_wconf 76' lang='lat' dir='ltr'>iuventute</span> <span class='ocrx_word' id='word_1_70' title='bbox 1319 893 1358 926; x_wconf 85' lang='lat' dir='ltr'>et</span> <span class='ocrx_word' id='word_1_71' title='bbox 1385 888 1556 939; x_wconf 88' lang='lat' dir='ltr'>pulchri-</span> 
     </span>
     <span class='ocr_line' id='line_1_10' title="bbox 69 952 1556 1003; baseline 0 -12"><span class='ocrx_word' id='word_1_72' title='bbox 69 952 210 992; x_wconf 83' lang='lat' dir='ltr'>tudine</span> <span class='ocrx_word' id='word_1_73' title='bbox 244 952 466 1003; x_wconf 86' lang='lat' dir='ltr'>splendido.</span> <span class='ocrx_word' id='word_1_74' title='bbox 504 952 656 990; x_wconf 86' lang='lat' dir='ltr'>Eodem</span> <span class='ocrx_word' id='word_1_75' title='bbox 681 952 800 990; x_wconf 85' lang='lat' dir='ltr'>modo</span> <span class='ocrx_word' id='word_1_76' title='bbox 826 952 1084 1002; x_wconf 84' lang='lat' dir='ltr'>pulchritudo</span> <span class='ocrx_word' id='word_1_77' title='bbox 1109 952 1243 991; x_wconf 82' lang='lat' dir='ltr'>Roscii</span> <span class='ocrx_word' id='word_1_78' title='bbox 1269 953 1439 991; x_wconf 79' lang='lat' dir='ltr'>comoedi</span> <span class='ocrx_word' id='word_1_79' title='bbox 1464 966 1556 992; x_wconf 90' lang='lat' dir='ltr'>cum</span> 
     </span>
     <span class='ocr_line' id='line_1_11' title="bbox 70 1017 1555 1068; baseline 0 -12"><span class='ocrx_word' id='word_1_80' title='bbox 70 1018 222 1056; x_wconf 83' lang='lat' dir='ltr'>Aurora</span> <span class='ocrx_word' id='word_1_81' title='bbox 246 1017 449 1055; x_wconf 85' lang='lat' dir='ltr'>exoriente</span> <span class='ocrx_word' id='word_1_82' title='bbox 468 1021 725 1067; x_wconf 84' lang='lat' dir='ltr'>comparatur</span> <span class='ocrx_word' id='word_1_83' title='bbox 748 1017 788 1054; x_wconf 90' lang='lat' dir='ltr'>in</span> <span class='ocrx_word' id='word_1_84' title='bbox 814 1017 969 1055; x_wconf 86' lang='lat' dir='ltr'>Lutatii</span> <span class='ocrx_word' id='word_1_85' title='bbox 991 1017 1119 1056; x_wconf 87' lang='lat' dir='ltr'>Catuli</span> <span class='ocrx_word' id='word_1_86' title='bbox 1140 1018 1428 1068; x_wconf 82' lang='lat' dir='ltr'>epigrammate</span> <span class='ocrx_word' id='word_1_87' title='bbox 1447 1018 1555 1068; x_wconf 89' lang='lat' dir='ltr'>apud</span> 
     </span>
     <span class='ocr_line' id='line_1_12' title="bbox 69 1081 676 1127; baseline -0.003 -6"><span class='ocrx_word' id='word_1_88' title='bbox 69 1081 148 1122; x_wconf 87' lang='lat' dir='ltr'>Cic.</span> <span class='ocrx_word' id='word_1_89' title='bbox 177 1081 236 1120; x_wconf 94' lang='lat' dir='ltr'>De</span> <span class='ocrx_word' id='word_1_90' title='bbox 261 1085 346 1120; x_wconf 86' lang='lat' dir='ltr'>nat.</span> <span class='ocrx_word' id='word_1_91' title='bbox 376 1082 436 1120; x_wconf 90' lang='lat' dir='ltr'>de.</span> <span class='ocrx_word' id='word_1_92' title='bbox 466 1081 497 1119; x_wconf 93' lang='lat' dir='ltr'>I.</span> <span class='ocrx_word' id='word_1_93' title='bbox 525 1083 587 1127; x_wconf 86' lang='grc'>28,</span> <span class='ocrx_word' id='word_1_94' title='bbox 616 1083 676 1121; x_wconf 80' lang='lat'><strong>79.</strong></span> 
     </span>
    </p>

    <p class='ocr_par' dir='ltr' id='par_1_5' title="bbox 70 1146 1558 1326">
     <span class='ocr_line' id='line_1_13' title="bbox 121 1146 1543 1199; baseline 0.001 -15"><span class='ocrx_word' id='word_1_95' title='bbox 121 1146 169 1185; x_wconf 92' lang='lat' dir='ltr'>V.</span> <span class='ocrx_word' id='word_1_96' title='bbox 211 1148 375 1185; x_wconf 87' lang='grc'>51-52.</span> <span class='ocrx_word' id='word_1_97' title='bbox 417 1146 565 1192; x_wconf 70' lang='lat' dir='ltr'>diserti,</span> <span class='ocrx_word' id='word_1_98' title='bbox 607 1146 775 1185; x_wconf 87' lang='lat' dir='ltr'>oratoris</span> <span class='ocrx_word' id='word_1_99' title='bbox 816 1146 1051 1196; x_wconf 82' lang='lat' dir='ltr'>eloquentis.</span> <span class='ocrx_word' id='word_1_100' title='bbox 1097 1169 1139 1173; x_wconf 93' lang='lat'>—</span> <span class='ocrx_word' id='word_1_101' title='bbox 1182 1147 1371 1199; x_wconf 76' lang='lat' dir='ltr'>Spemque</span> <span class='ocrx_word' id='word_1_102' title='bbox 1412 1148 1543 1186; x_wconf 80' lang='lat' dir='ltr'>decens</span> 
     </span>
     <span class='ocr_line' id='line_1_14' title="bbox 70 1211 1558 1261; baseline 0 -11"><span class='ocrx_word' id='word_1_103' title='bbox 70 1211 186 1250; x_wconf 82' lang='lat' dir='ltr'>doctoe</span> <span class='ocrx_word' id='word_1_104' title='bbox 205 1211 308 1250; x_wconf 75' lang='lat' dir='ltr'>vocis</span> <span class='ocrx_word' id='word_1_105' title='bbox 329 1211 493 1249; x_wconf 77' lang='lat' dir='ltr'>amictus</span> <span class='ocrx_word' id='word_1_106' title='bbox 514 1211 633 1257; x_wconf 78' lang='lat' dir='ltr'>habet,</span> <span class='ocrx_word' id='word_1_107' title='bbox 656 1211 682 1249; x_wconf 92' lang='lat' dir='ltr'><strong>i.</strong></span> <span class='ocrx_word' id='word_1_108' title='bbox 708 1224 741 1249; x_wconf 91' lang='lat' dir='ltr'>e.</span> <span class='ocrx_word' id='word_1_109' title='bbox 764 1211 847 1261; x_wconf 85' lang='lat' dir='ltr'>ipsa</span> <span class='ocrx_word' id='word_1_110' title='bbox 873 1216 965 1261; x_wconf 87' lang='lat' dir='ltr'>toga</span> <span class='ocrx_word' id='word_1_111' title='bbox 989 1211 1149 1257; x_wconf 78' lang='lat' dir='ltr'>festiva,</span> <span class='ocrx_word' id='word_1_112' title='bbox 1173 1225 1265 1261; x_wconf 91' lang='lat' dir='ltr'>qua,</span> <span class='ocrx_word' id='word_1_113' title='bbox 1289 1216 1333 1250; x_wconf 90' lang='lat' dir='ltr'>ut</span> <span class='ocrx_word' id='word_1_114' title='bbox 1357 1217 1558 1251; x_wconf 85' lang='lat' dir='ltr'>oratorem</span> 
     </span>
     <span class='ocr_line' id='line_1_15' title="bbox 71 1276 1453 1326; baseline -0.001 -11"><span class='ocrx_word' id='word_1_115' title='bbox 71 1276 198 1322; x_wconf 89' lang='lat' dir='ltr'>decet,</span> <span class='ocrx_word' id='word_1_116' title='bbox 228 1276 394 1314; x_wconf 87' lang='lat' dir='ltr'>indutus</span> <span class='ocrx_word' id='word_1_117' title='bbox 425 1279 498 1321; x_wconf 87' lang='lat' dir='ltr'>est,</span> <span class='ocrx_word' id='word_1_118' title='bbox 530 1276 570 1313; x_wconf 93' lang='lat' dir='ltr'>in</span> <span class='ocrx_word' id='word_1_119' title='bbox 601 1279 830 1326; x_wconf 81' lang='lat' dir='ltr'>spectatore</span> <span class='ocrx_word' id='word_1_120' title='bbox 861 1289 973 1326; x_wconf 88' lang='lat' dir='ltr'>spem</span> <span class='ocrx_word' id='word_1_121' title='bbox 1003 1276 1172 1315; x_wconf 89' lang='lat' dir='ltr'>suscitat</span> <span class='ocrx_word' id='word_1_122' title='bbox 1203 1276 1453 1326; x_wconf 84' lang='lat' dir='ltr'>eloquentiae.</span> 
     </span>
    </p>

    <p class='ocr_par' dir='ltr' id='par_1_6' title="bbox 72 1340 1554 1444">
     <span class='ocr_line' id='line_1_16' title="bbox 123 1340 1554 1391; baseline 0 -12"><span class='ocrx_word' id='word_1_123' title='bbox 123 1340 170 1380; x_wconf 91' lang='lat' dir='ltr'>V.</span> <span class='ocrx_word' id='word_1_124' title='bbox 201 1342 262 1380; x_wconf 87' lang='grc'>57.</span> <span class='ocrx_word' id='word_1_125' title='bbox 291 1340 425 1379; x_wconf 75' lang='lat' dir='ltr'>vertice</span> <span class='ocrx_word' id='word_1_126' title='bbox 453 1340 581 1379; x_wconf 77' lang='lat' dir='ltr'>sidera</span> <span class='ocrx_word' id='word_1_127' title='bbox 608 1345 755 1391; x_wconf 70' lang='lat' dir='ltr'>tanyas,</span> <span class='ocrx_word' id='word_1_128' title='bbox 785 1354 834 1379; x_wconf 80' lang='lat' dir='ltr'>ex</span> <span class='ocrx_word' id='word_1_129' title='bbox 861 1340 960 1379; x_wconf 88' lang='lat' dir='ltr'>Hor.</span> <span class='ocrx_word' id='word_1_130' title='bbox 992 1341 1120 1380; x_wconf 85' lang='lat' dir='ltr'>Carm.</span> <span class='ocrx_word' id='word_1_131' title='bbox 1152 1341 1183 1379; x_wconf 90' lang='lat' dir='ltr'>I.</span> <span class='ocrx_word' id='word_1_132' title='bbox 1215 1344 1249 1387; x_wconf 85' lang='lat'>1,</span> <span class='ocrx_word' id='word_1_133' title='bbox 1279 1342 1342 1380; x_wconf 90' lang='lat'>36:</span> <span class='ocrx_word' id='word_1_134' title='bbox 1369 1341 1554 1381; x_wconf 85' lang='lat' dir='ltr'>«Sublimi</span> 
     </span>
     <span class='ocr_line' id='line_1_17' title="bbox 72 1405 590 1444; baseline -0.002 0"><span class='ocrx_word' id='word_1_135' title='bbox 72 1405 214 1444; x_wconf 78' lang='lat' dir='ltr'>feriam</span> <span class='ocrx_word' id='word_1_136' title='bbox 249 1405 377 1444; x_wconf 84' lang='lat' dir='ltr'>sidera</span> <span class='ocrx_word' id='word_1_137' title='bbox 413 1405 590 1444; x_wconf 82' lang='lat' dir='ltr'>vertice».</span> 
     </span>
    </p>

    <p class='ocr_par' dir='ltr' id='par_1_7' title="bbox 122 1469 1041 1516">
     <span class='ocr_line' id='line_1_18' title="bbox 122 1469 1041 1516; baseline 0.001 -8"><span class='ocrx_word' id='word_1_138' title='bbox 122 1470 170 1509; x_wconf 91' lang='lat' dir='ltr'>V.</span> <span class='ocrx_word' id='word_1_139' title='bbox 199 1471 260 1508; x_wconf 91' lang='lat'>63.</span> <span class='ocrx_word' id='word_1_140' title='bbox 284 1470 501 1516; x_wconf 74' lang='lat' dir='ltr'>Pieridum,</span> <span class='ocrx_word' id='word_1_141' title='bbox 529 1471 579 1509; x_wconf 86' lang='lat' dir='ltr'><strong>cf.</strong></span> <span class='ocrx_word' id='word_1_142' title='bbox 607 1470 659 1508; x_wconf 87' lang='lat' dir='ltr'>ad</span> <span class='ocrx_word' id='word_1_143' title='bbox 687 1469 805 1508; x_wconf 85' lang='lat' dir='ltr'>Trist.</span> <span class='ocrx_word' id='word_1_144' title='bbox 836 1470 912 1508; x_wconf 86' lang='lat'><strong>111.</strong></span> <span class='ocrx_word' id='word_1_145' title='bbox 941 1472 977 1516; x_wconf 93' lang='grc'>2,</span> <span class='ocrx_word' id='word_1_146' title='bbox 1005 1472 1041 1509; x_wconf 84' lang='grc'>3.</span> 
     </span>
    </p>

    <p class='ocr_par' dir='ltr' id='par_1_8' title="bbox 72 1535 1558 2040">
     <span class='ocr_line' id='line_1_19' title="bbox 123 1535 1555 1586; baseline 0 -12"><span class='ocrx_word' id='word_1_147' title='bbox 123 1535 170 1574; x_wconf 94' lang='lat' dir='ltr'>V.</span> <span class='ocrx_word' id='word_1_148' title='bbox 204 1536 368 1575; x_wconf 80' lang='lat'><strong>67—68.</strong></span> <span class='ocrx_word' id='word_1_149' title='bbox 404 1535 575 1586; x_wconf 76' lang='lat' dir='ltr'>Thyrsus</span> <span class='ocrx_word' id='word_1_150' title='bbox 606 1535 711 1573; x_wconf 69' lang='lat' dir='ltr'>enim</span> <span class='ocrx_word' id='word_1_151' title='bbox 741 1535 864 1581; x_wconf 75' lang='lat' dir='ltr'>nobis,</span> <span class='ocrx_word' id='word_1_152' title='bbox 894 1539 1035 1586; x_wconf 67' lang='lat' dir='ltr'>qestata</span> <span class='ocrx_word' id='word_1_153' title='bbox 1066 1540 1119 1574; x_wconf 81' lang='lat' dir='ltr'>est</span> <span class='ocrx_word' id='word_1_154' title='bbox 1151 1536 1283 1574; x_wconf 75' lang='lat' dir='ltr'>laurea</span> <span class='ocrx_word' id='word_1_155' title='bbox 1313 1535 1429 1574; x_wconf 79' lang='lat' dir='ltr'>vobis.</span> <span class='ocrx_word' id='word_1_156' title='bbox 1462 1535 1487 1573; x_wconf 90' lang='lat' dir='ltr'><strong>i.</strong></span> <span class='ocrx_word' id='word_1_157' title='bbox 1521 1548 1555 1574; x_wconf 87' lang='lat' dir='ltr'>e.</span> 
     </span>
     <span class='ocr_line' id='line_1_20' title="bbox 73 1599 1556 1652; baseline 0 -13"><span class='ocrx_word' id='word_1_158' title='bbox 73 1599 234 1650; x_wconf 76' lang='lat' dir='ltr'>thyrsos</span> <span class='ocrx_word' id='word_1_159' title='bbox 280 1603 439 1650; x_wconf 85' lang='lat' dir='ltr'>gestant</span> <span class='ocrx_word' id='word_1_160' title='bbox 485 1604 626 1650; x_wconf 88' lang='lat' dir='ltr'>poetae,</span> <span class='ocrx_word' id='word_1_161' title='bbox 672 1603 882 1650; x_wconf 84' lang='lat' dir='ltr'>tamquam</span> <span class='ocrx_word' id='word_1_162' title='bbox 928 1600 1092 1639; x_wconf 83' lang='lat' dir='ltr'>comites</span> <span class='ocrx_word' id='word_1_163' title='bbox 1139 1600 1298 1646; x_wconf 88' lang='lat' dir='ltr'>Bacchi,</span> <span class='ocrx_word' id='word_1_164' title='bbox 1345 1606 1556 1652; x_wconf 86' lang='lat' dir='ltr'>poetarum</span> 
     </span>
     <span class='ocr_line' id='line_1_21' title="bbox 75 1664 1556 1716; baseline 0.001 -13"><span class='ocrx_word' id='word_1_165' title='bbox 75 1664 249 1716; x_wconf 84' lang='lat' dir='ltr'>patroni,</span> <span class='ocrx_word' id='word_1_166' title='bbox 274 1665 451 1703; x_wconf 86' lang='lat' dir='ltr'>lauream</span> <span class='ocrx_word' id='word_1_167' title='bbox 475 1668 665 1710; x_wconf 83' lang='lat' dir='ltr'>oratores,</span> <span class='ocrx_word' id='word_1_168' title='bbox 689 1668 899 1714; x_wconf 82' lang='lat' dir='ltr'>tamquam</span> <span class='ocrx_word' id='word_1_169' title='bbox 923 1665 1013 1703; x_wconf 87' lang='lat' dir='ltr'>belli</span> <span class='ocrx_word' id='word_1_170' title='bbox 1035 1665 1076 1703; x_wconf 88' lang='lat' dir='ltr'>in</span> <span class='ocrx_word' id='word_1_171' title='bbox 1099 1667 1184 1704; x_wconf 79' lang='lat' dir='ltr'>foro</span> <span class='ocrx_word' id='word_1_172' title='bbox 1207 1666 1307 1716; x_wconf 83' lang='lat' dir='ltr'>gesti</span> <span class='ocrx_word' id='word_1_173' title='bbox 1332 1666 1556 1716; x_wconf 81' lang='lat' dir='ltr'>praemium3</span> 
     </span>
     <span class='ocr_line' id='line_1_22' title="bbox 72 1729 1557 1779; baseline 0 -11"><span class='ocrx_word' id='word_1_174' title='bbox 72 1729 124 1769; x_wconf 85' lang='lat' dir='ltr'><strong>cf.</strong></span> <span class='ocrx_word' id='word_1_175' title='bbox 148 1729 253 1767; x_wconf 85' lang='lat' dir='ltr'>infra</span> <span class='ocrx_word' id='word_1_176' title='bbox 280 1729 350 1768; x_wconf 92' lang='lat' dir='ltr'>IV.</span> <span class='ocrx_word' id='word_1_177' title='bbox 376 1731 411 1775; x_wconf 88' lang='lat'>6,</span> <span class='ocrx_word' id='word_1_178' title='bbox 436 1731 501 1768; x_wconf 82' lang='lat'>29:</span> <span class='ocrx_word' id='word_1_179' title='bbox 523 1729 637 1779; x_wconf 87' lang='lat' dir='ltr'>«quid</span> <span class='ocrx_word' id='word_1_180' title='bbox 656 1729 791 1768; x_wconf 76' lang='lat' dir='ltr'>valeas</span> <span class='ocrx_word' id='word_1_181' title='bbox 811 1760 819 1767; x_wconf 98' lang='lat'>.</span> <span class='ocrx_word' id='word_1_182' title='bbox 840 1760 847 1767; x_wconf 97' lang='lat'>.</span> <span class='ocrx_word' id='word_1_183' title='bbox 869 1760 877 1768; x_wconf 93' lang='lat'>.</span> <span class='ocrx_word' id='word_1_184' title='bbox 895 1730 1023 1769; x_wconf 87' lang='lat' dir='ltr'>Marte</span> <span class='ocrx_word' id='word_1_185' title='bbox 1048 1731 1212 1769; x_wconf 82' lang='lat' dir='ltr'>forensi»</span> <span class='ocrx_word' id='word_1_186' title='bbox 1236 1734 1275 1769; x_wconf 90' lang='lat' dir='ltr'>et</span> <span class='ocrx_word' id='word_1_187' title='bbox 1299 1730 1401 1768; x_wconf 87' lang='lat' dir='ltr'>Plin.</span> <span class='ocrx_word' id='word_1_188' title='bbox 1428 1730 1476 1769; x_wconf 92' lang='lat' dir='ltr'>N.</span> <span class='ocrx_word' id='word_1_189' title='bbox 1501 1730 1557 1768; x_wconf 90' lang='lat' dir='ltr'>H.</span> 
     </span>
     <span class='ocr_line' id='line_1_23' title="bbox 73 1793 1558 1845; baseline 0.001 -13"><span class='ocrx_word' id='word_1_190' title='bbox 73 1793 168 1832; x_wconf 89' lang='lat' dir='ltr'><strong>VII.</strong></span> <span class='ocrx_word' id='word_1_191' title='bbox 191 1795 253 1840; x_wconf 87' lang='lat'>30,</span> <span class='ocrx_word' id='word_1_192' title='bbox 275 1795 339 1832; x_wconf 84' lang='lat'>31:</span> <span class='ocrx_word' id='word_1_193' title='bbox 358 1794 490 1833; x_wconf 86' lang='lat' dir='ltr'>«Salve</span> <span class='ocrx_word' id='word_1_194' title='bbox 512 1794 662 1844; x_wconf 86' lang='lat' dir='ltr'>primus</span> <span class='ocrx_word' id='word_1_195' title='bbox 683 1793 726 1831; x_wconf 91' lang='lat' dir='ltr'>in</span> <span class='ocrx_word' id='word_1_196' title='bbox 749 1798 840 1844; x_wconf 87' lang='lat' dir='ltr'>toga</span> <span class='ocrx_word' id='word_1_197' title='bbox 863 1794 1115 1845; x_wconf 86' lang='lat' dir='ltr'>triumphum</span> <span class='ocrx_word' id='word_1_198' title='bbox 1136 1795 1359 1845; x_wconf 74' lang='lat' dir='ltr'>linguaeque</span> <span class='ocrx_word' id='word_1_199' title='bbox 1380 1795 1558 1833; x_wconf 86' lang='lat' dir='ltr'>lauream</span> 
     </span>
     <span class='ocr_line' id='line_1_24' title="bbox 73 1858 1556 1909; baseline 0.001 -12"><span class='ocrx_word' id='word_1_200' title='bbox 73 1858 241 1897; x_wconf 87' lang='lat' dir='ltr'>merite».</span> <span class='ocrx_word' id='word_1_201' title='bbox 266 1881 308 1886; x_wconf 89' lang='lat'>—-</span> <span class='ocrx_word' id='word_1_202' title='bbox 330 1859 446 1904; x_wconf 83' lang='lat' dir='ltr'>calor,</span> <span class='ocrx_word' id='word_1_203' title='bbox 467 1871 521 1897; x_wconf 88' lang='lat' dir='ltr'>sc.</span> <span class='ocrx_word' id='word_1_204' title='bbox 544 1859 730 1908; x_wconf 83' lang='lat' dir='ltr'>pectoris,</span> <span class='ocrx_word' id='word_1_205' title='bbox 751 1858 924 1909; x_wconf 85' lang='lat' dir='ltr'>impetus</span> <span class='ocrx_word' id='word_1_206' title='bbox 946 1859 1110 1909; x_wconf 88' lang='lat' dir='ltr'>quidam</span> <span class='ocrx_word' id='word_1_207' title='bbox 1130 1873 1255 1905; x_wconf 81' lang='lat' dir='ltr'>sacer3</span> <span class='ocrx_word' id='word_1_208' title='bbox 1277 1861 1326 1898; x_wconf 85' lang='lat' dir='ltr'><strong>cf.</strong></span> <span class='ocrx_word' id='word_1_209' title='bbox 1349 1860 1423 1899; x_wconf 87' lang='lat' dir='ltr'>Ov.</span> <span class='ocrx_word' id='word_1_210' title='bbox 1444 1860 1556 1898; x_wconf 85' lang='lat' dir='ltr'>Fast.</span> 
     </span>
     <span class='ocr_line' id='line_1_25' title="bbox 73 1922 1558 1975; baseline 0.001 -14"><span class='ocrx_word' id='word_1_211' title='bbox 73 1922 144 1962; x_wconf 93' lang='lat' dir='ltr'>VI.</span> <span class='ocrx_word' id='word_1_212' title='bbox 170 1925 205 1962; x_wconf 89' lang='lat'>5.</span> <span class='ocrx_word' id='word_1_213' title='bbox 232 1923 296 1974; x_wconf 90' lang='lat' dir='ltr'>(de</span> <span class='ocrx_word' id='word_1_214' title='bbox 320 1923 481 1973; x_wconf 84' lang='lat' dir='ltr'>poetis):</span> <span class='ocrx_word' id='word_1_215' title='bbox 502 1923 593 1961; x_wconf 83' lang='lat' dir='ltr'>«Est</span> <span class='ocrx_word' id='word_1_216' title='bbox 618 1923 714 1962; x_wconf 89' lang='lat' dir='ltr'>deus</span> <span class='ocrx_word' id='word_1_217' title='bbox 738 1924 777 1961; x_wconf 92' lang='lat' dir='ltr'>in</span> <span class='ocrx_word' id='word_1_218' title='bbox 802 1923 930 1969; x_wconf 88' lang='lat' dir='ltr'>nobis,</span> <span class='ocrx_word' id='word_1_219' title='bbox 955 1924 1135 1975; x_wconf 82' lang='lat' dir='ltr'>agitante</span> <span class='ocrx_word' id='word_1_220' title='bbox 1158 1924 1388 1963; x_wconf 81' lang='lat' dir='ltr'>calescimus</span> <span class='ocrx_word' id='word_1_221' title='bbox 1412 1924 1495 1963; x_wconf 77' lang='lat' dir='ltr'>illo»</span> <span class='ocrx_word' id='word_1_222' title='bbox 1516 1927 1558 1963; x_wconf 89' lang='lat' dir='ltr'>et</span> 
     </span>
     <span class='ocr_line' id='line_1_26' title="bbox 73 1987 1557 2040; baseline 0.001 -14"><span class='ocrx_word' id='word_1_223' title='bbox 73 1987 137 2026; x_wconf 83' lang='lat' dir='ltr'>Ex</span> <span class='ocrx_word' id='word_1_224' title='bbox 157 1987 275 2026; x_wconf 90' lang='lat' dir='ltr'>Pont.</span> <span class='ocrx_word' id='word_1_225' title='bbox 298 1987 366 2026; x_wconf 90' lang='lat' dir='ltr'>IV.</span> <span class='ocrx_word' id='word_1_226' title='bbox 388 1989 424 2034; x_wconf 91' lang='grc'>2,</span> <span class='ocrx_word' id='word_1_227' title='bbox 446 1989 510 2027; x_wconf 81' lang='lat'>25:</span> <span class='ocrx_word' id='word_1_228' title='bbox 530 1988 730 2038; x_wconf 86' lang='lat' dir='ltr'>«Impetus</span> <span class='ocrx_word' id='word_1_229' title='bbox 751 1988 816 2026; x_wconf 89' lang='lat' dir='ltr'>ille</span> <span class='ocrx_word' id='word_1_230' title='bbox 836 2001 957 2035; x_wconf 86' lang='lat' dir='ltr'>sacer,</span> <span class='ocrx_word' id='word_1_231' title='bbox 979 1989 1047 2039; x_wconf 88' lang='lat' dir='ltr'>qui</span> <span class='ocrx_word' id='word_1_232' title='bbox 1067 1994 1210 2027; x_wconf 76' lang='lat' dir='ltr'>vatum</span> <span class='ocrx_word' id='word_1_233' title='bbox 1230 1994 1390 2040; x_wconf 86' lang='lat' dir='ltr'>pectora</span> <span class='ocrx_word' id='word_1_234' title='bbox 1411 1989 1557 2028; x_wconf 88' lang='lat' dir='ltr'>nutrit.</span> 
     </span>
    </p>

    <p class='ocr_par' dir='ltr' id='par_1_9' title="bbox 125 2052 1019 2103">
     <span class='ocr_line' id='line_1_27' title="bbox 125 2052 1019 2103; baseline 0.003 -13"><span class='ocrx_word' id='word_1_235' title='bbox 125 2052 172 2090; x_wconf 91' lang='lat' dir='ltr'>V.</span> <span class='ocrx_word' id='word_1_236' title='bbox 202 2054 264 2092; x_wconf 86' lang='grc'>72.</span> <span class='ocrx_word' id='word_1_237' title='bbox 294 2066 417 2098; x_wconf 81' lang='lat' dir='ltr'>sacra,</span> <span class='ocrx_word' id='word_1_238' title='bbox 447 2053 614 2098; x_wconf 77' lang='lat' dir='ltr'>foedera,</span> <span class='ocrx_word' id='word_1_239' title='bbox 645 2057 690 2091; x_wconf 90' lang='lat' dir='ltr'>ut</span> <span class='ocrx_word' id='word_1_240' title='bbox 719 2066 837 2103; x_wconf 88' lang='lat' dir='ltr'>supra</span> <span class='ocrx_word' id='word_1_241' title='bbox 869 2066 927 2091; x_wconf 80' lang='lat' dir='ltr'><strong>vs.</strong></span> <span class='ocrx_word' id='word_1_242' title='bbox 958 2055 1019 2093; x_wconf 88' lang='lat'>60.</span> 
     </span>
    </p>

    <p class='ocr_par' dir='ltr' id='par_1_10' title="bbox 72 2116 1559 2293">
     <span class='ocr_line' id='line_1_28' title="bbox 126 2116 1559 2169; baseline 0.002 -14"><span class='ocrx_word' id='word_1_243' title='bbox 126 2116 173 2155; x_wconf 89' lang='lat' dir='ltr'>V.</span> <span class='ocrx_word' id='word_1_244' title='bbox 204 2118 266 2156; x_wconf 88' lang='lat'>73.</span> <span class='ocrx_word' id='word_1_245' title='bbox 297 2117 341 2156; x_wconf 81' lang='lat' dir='ltr'>de</span> <span class='ocrx_word' id='word_1_246' title='bbox 370 2131 442 2169; x_wconf 79' lang='lat' dir='ltr'>quo</span> <span class='ocrx_word' id='word_1_247' title='bbox 471 2117 647 2163; x_wconf 70' lang='lat' dir='ltr'>censeris,</span> <span class='ocrx_word' id='word_1_248' title='bbox 679 2122 841 2168; x_wconf 87' lang='lat' dir='ltr'>propter</span> <span class='ocrx_word' id='word_1_249' title='bbox 871 2131 991 2167; x_wconf 90' lang='lat' dir='ltr'>quem</span> <span class='ocrx_word' id='word_1_250' title='bbox 1022 2119 1244 2165; x_wconf 85' lang='lat' dir='ltr'>aestimaris,</span> <span class='ocrx_word' id='word_1_251' title='bbox 1275 2119 1338 2158; x_wconf 88' lang='lat' dir='ltr'>cui</span> <span class='ocrx_word' id='word_1_252' title='bbox 1367 2119 1559 2158; x_wconf 90' lang='lat' dir='ltr'>honorem</span> 
     </span>
     <span class='ocr_line' id='line_1_29' title="bbox 72 2181 1558 2234; baseline 0.001 -14"><span class='ocrx_word' id='word_1_253' title='bbox 72 2185 191 2220; x_wconf 87' lang='lat' dir='ltr'>tuum</span> <span class='ocrx_word' id='word_1_254' title='bbox 216 2181 351 2227; x_wconf 86' lang='lat' dir='ltr'>debes;</span> <span class='ocrx_word' id='word_1_255' title='bbox 378 2183 427 2221; x_wconf 85' lang='lat' dir='ltr'><strong>cf.</strong></span> <span class='ocrx_word' id='word_1_256' title='bbox 453 2182 555 2220; x_wconf 83' lang='lat' dir='ltr'>infra</span> <span class='ocrx_word' id='word_1_257' title='bbox 586 2182 663 2220; x_wconf 88' lang='grc' dir='ltr'>ΠΙ.</span> <span class='ocrx_word' id='word_1_258' title='bbox 691 2184 725 2228; x_wconf 92' lang='grc'>1,</span> <span class='ocrx_word' id='word_1_259' title='bbox 752 2185 815 2222; x_wconf 88' lang='lat'>75:</span> <span class='ocrx_word' id='word_1_260' title='bbox 838 2182 943 2222; x_wconf 78' lang='lat' dir='ltr'>«Hoc</span> <span class='ocrx_word' id='word_1_261' title='bbox 969 2183 1105 2222; x_wconf 82' lang='lat' dir='ltr'>domui</span> <span class='ocrx_word' id='word_1_262' title='bbox 1131 2184 1264 2230; x_wconf 86' lang='lat' dir='ltr'>debes,</span> <span class='ocrx_word' id='word_1_263' title='bbox 1291 2184 1339 2222; x_wconf 92' lang='lat' dir='ltr'>de</span> <span class='ocrx_word' id='word_1_264' title='bbox 1364 2197 1443 2234; x_wconf 88' lang='lat' dir='ltr'>qua</span> <span class='ocrx_word' id='word_1_265' title='bbox 1470 2197 1558 2223; x_wconf 89' lang='lat' dir='ltr'>cen-</span> 
     </span>
     <span class='ocr_line' id='line_1_30' title="bbox 73 2246 894 2293; baseline 0.002 -9"><span class='ocrx_word' id='word_1_266' title='bbox 73 2246 199 2285; x_wconf 79' lang='lat' dir='ltr'>seris».</span> <span class='ocrx_word' id='word_1_267' title='bbox 243 2269 286 2273; x_wconf 90' lang='lat'>—</span> <span class='ocrx_word' id='word_1_268' title='bbox 326 2247 488 2293; x_wconf 58' lang='lat' dir='ltr'>amicus,</span> <span class='ocrx_word' id='word_1_269' title='bbox 528 2260 581 2286; x_wconf 86' lang='lat' dir='ltr'>sc.</span> <span class='ocrx_word' id='word_1_270' title='bbox 623 2247 894 2286; x_wconf 88' lang='lat' dir='ltr'>Germanicus.</span> 
     </span>
    </p>

    <p class='ocr_par' dir='ltr' id='par_1_11' title="bbox 73 2311 1561 2686">
     <span class='ocr_line' id='line_1_31' title="bbox 124 2311 1559 2363; baseline 0.001 -13"><span class='ocrx_word' id='word_1_271' title='bbox 124 2311 172 2350; x_wconf 94' lang='lat' dir='ltr'>V.</span> <span class='ocrx_word' id='word_1_272' title='bbox 207 2312 370 2351; x_wconf 87' lang='lat'><strong>75—76.</strong></span> <span class='ocrx_word' id='word_1_273' title='bbox 404 2312 660 2363; x_wconf 76' lang='lat' dir='ltr'>Sucoedatque</span> <span class='ocrx_word' id='word_1_274' title='bbox 693 2311 772 2350; x_wconf 80' lang='lat' dir='ltr'>tuis</span> <span class='ocrx_word' id='word_1_275' title='bbox 804 2312 906 2351; x_wconf 73' lang='lat' dir='ltr'>orbis</span> <span class='ocrx_word' id='word_1_276' title='bbox 938 2313 1149 2352; x_wconf 79' lang='lat' dir='ltr'>moderator</span> <span class='ocrx_word' id='word_1_277' title='bbox 1181 2313 1351 2359; x_wconf 77' lang='lat' dir='ltr'>habenis,</span> <span class='ocrx_word' id='word_1_278' title='bbox 1387 2317 1431 2352; x_wconf 87' lang='lat' dir='ltr'>ut</span> <span class='ocrx_word' id='word_1_279' title='bbox 1467 2313 1559 2352; x_wconf 88' lang='lat' dir='ltr'>Ger-</span> 
     </span>
     <span class='ocr_line' id='line_1_32' title="bbox 73 2375 1560 2428; baseline 0.002 -14"><span class='ocrx_word' id='word_1_280' title='bbox 73 2375 254 2415; x_wconf 88' lang='lat' dir='ltr'>manicus</span> <span class='ocrx_word' id='word_1_281' title='bbox 276 2376 373 2415; x_wconf 90' lang='lat' dir='ltr'>olim</span> <span class='ocrx_word' id='word_1_282' title='bbox 393 2376 614 2427; x_wconf 88' lang='lat' dir='ltr'>imperator</span> <span class='ocrx_word' id='word_1_283' title='bbox 635 2376 687 2415; x_wconf 89' lang='lat' dir='ltr'>sit</span> <span class='ocrx_word' id='word_1_284' title='bbox 711 2380 751 2415; x_wconf 91' lang='lat' dir='ltr'>et</span> <span class='ocrx_word' id='word_1_285' title='bbox 773 2380 870 2416; x_wconf 90' lang='lat' dir='ltr'>tunc</span> <span class='ocrx_word' id='word_1_286' title='bbox 894 2390 1053 2428; x_wconf 89' lang='lat' dir='ltr'>quoque</span> <span class='ocrx_word' id='word_1_287' title='bbox 1075 2391 1115 2416; x_wconf 89' lang='lat' dir='ltr'>se</span> <span class='ocrx_word' id='word_1_288' title='bbox 1138 2378 1308 2417; x_wconf 84' lang='lat' dir='ltr'>subiciat</span> <span class='ocrx_word' id='word_1_289' title='bbox 1331 2377 1560 2428; x_wconf 87' lang='lat' dir='ltr'>magisterio</span> 
     </span>
     <span class='ocr_line' id='line_1_33' title="bbox 74 2441 1559 2493; baseline 0.001 -14"><span class='ocrx_word' id='word_1_290' title='bbox 74 2443 160 2479; x_wconf 91' lang='lat' dir='ltr'>tuo.</span> <span class='ocrx_word' id='word_1_291' title='bbox 193 2463 235 2467; x_wconf 97' lang='lat'><strong>—</strong></span> <span class='ocrx_word' id='word_1_292' title='bbox 280 2441 420 2492; x_wconf 70' lang='lat' dir='ltr'>populi</span> <span class='ocrx_word' id='word_1_293' title='bbox 443 2446 527 2480; x_wconf 74' lang='lat' dir='ltr'>vota</span> <span class='ocrx_word' id='word_1_294' title='bbox 554 2445 759 2493; x_wconf 80' lang='lat' dir='ltr'>precantur</span> <span class='ocrx_word' id='word_1_295' title='bbox 784 2441 898 2488; x_wconf 73' lang='lat' dir='ltr'>idem,</span> <span class='ocrx_word' id='word_1_296' title='bbox 925 2455 979 2481; x_wconf 86' lang='lat' dir='ltr'>sc.</span> <span class='ocrx_word' id='word_1_297' title='bbox 1007 2446 1053 2481; x_wconf 88' lang='lat' dir='ltr'>ut</span> <span class='ocrx_word' id='word_1_298' title='bbox 1081 2443 1339 2482; x_wconf 86' lang='lat' dir='ltr'>Germanicus</span> <span class='ocrx_word' id='word_1_299' title='bbox 1366 2443 1461 2482; x_wconf 88' lang='lat' dir='ltr'>olim</span> <span class='ocrx_word' id='word_1_300' title='bbox 1487 2442 1559 2480; x_wconf 88' lang='lat' dir='ltr'>im-</span> 
     </span>
     <span class='ocr_line' id='line_1_34' title="bbox 79 2505 1560 2558; baseline 0.002 -15"><span class='ocrx_word' id='word_1_301' title='bbox 79 2508 240 2556; x_wconf 90' lang='lat' dir='ltr'>perator</span> <span class='ocrx_word' id='word_1_302' title='bbox 281 2505 368 2551; x_wconf 81' lang='lat' dir='ltr'>fia-t3</span> <span class='ocrx_word' id='word_1_303' title='bbox 411 2509 497 2544; x_wconf 86' lang='lat' dir='ltr'>erat</span> <span class='ocrx_word' id='word_1_304' title='bbox 540 2506 646 2544; x_wconf 89' lang='lat' dir='ltr'>enim</span> <span class='ocrx_word' id='word_1_305' title='bbox 688 2506 946 2546; x_wconf 88' lang='lat' dir='ltr'>Germanicus</span> <span class='ocrx_word' id='word_1_306' title='bbox 987 2507 1142 2546; x_wconf 88' lang='lat' dir='ltr'>iuvenis</span> <span class='ocrx_word' id='word_1_307' title='bbox 1185 2508 1333 2558; x_wconf 89' lang='lat' dir='ltr'>populo</span> <span class='ocrx_word' id='word_1_308' title='bbox 1376 2508 1560 2546; x_wconf 85' lang='lat' dir='ltr'>Romano</span> 
     </span>
     <span class='ocr_line' id='line_1_35' title="bbox 74 2569 1561 2623; baseline 0.001 -13"><span class='ocrx_word' id='word_1_309' title='bbox 74 2569 316 2616; x_wconf 82' lang='lat' dir='ltr'>carissimus,</span> <span class='ocrx_word' id='word_1_310' title='bbox 355 2583 400 2609; x_wconf 91' lang='lat' dir='ltr'>eo</span> <span class='ocrx_word' id='word_1_311' title='bbox 437 2570 563 2621; x_wconf 85' lang='lat' dir='ltr'>magis</span> <span class='ocrx_word' id='word_1_312' title='bbox 599 2570 755 2609; x_wconf 88' lang='lat' dir='ltr'>invisus</span> <span class='ocrx_word' id='word_1_313' title='bbox 795 2571 963 2611; x_wconf 87' lang='lat' dir='ltr'>Tiberio.</span> <span class='ocrx_word' id='word_1_314' title='bbox 1003 2572 1170 2611; x_wconf 88' lang='lat' dir='ltr'>Ovidius</span> <span class='ocrx_word' id='word_1_315' title='bbox 1206 2572 1328 2623; x_wconf 83' lang='lat' dir='ltr'>igitur</span> <span class='ocrx_word' id='word_1_316' title='bbox 1364 2573 1438 2611; x_wconf 90' lang='lat' dir='ltr'>hoc</span> <span class='ocrx_word' id='word_1_317' title='bbox 1475 2572 1561 2611; x_wconf 89' lang='lat' dir='ltr'>loco</span> 
     </span>
     <span class='ocr_line' id='line_1_36' title="bbox 77 2633 768 2686; baseline 0.003 -14"><span class='ocrx_word' id='word_1_318' title='bbox 77 2633 211 2673; x_wconf 83' lang='lat' dir='ltr'>verbis</span> <span class='ocrx_word' id='word_1_319' title='bbox 241 2647 335 2673; x_wconf 80' lang='lat' dir='ltr'>usus</span> <span class='ocrx_word' id='word_1_320' title='bbox 364 2638 424 2674; x_wconf 91' lang='lat' dir='ltr'>est</span> <span class='ocrx_word' id='word_1_321' title='bbox 455 2648 598 2686; x_wconf 89' lang='lat' dir='ltr'>parum</span> <span class='ocrx_word' id='word_1_322' title='bbox 627 2635 768 2674; x_wconf 85' lang='lat' dir='ltr'>cautis.</span> 
     </span>
    </p>
   </div>
  </div>
 </body>
</html>
