1990 3271
395 242 436 273 lo

443 361 487 398 Υ.
522 362 679 397 19-··.ΞΟ.
720 372 790 399 ros,
834 370 886 395 sc.
932 355 1047 393 amici
1090 360 1229 405 poetae.
1277 376 1319 380 —
1363 353 1640 405 Musaque...
1683 351 1870 402 officiosa,

392 425 574 463 amicitia»
600 423 729 461 officio
756 426 934 470 fungens.

444 489 487 526 Υ.
518 489 679 526 :ll-⁴22.
709 487 811 524 meis.
840 499 892 523 sc.
919 484 1115 535 operibus.
1145 506 1187 511 -
1214 487 1312 521 ortos
1334 481 1471 527 Eme,
1497 480 1597 520 filios
1621 481 1795 520 exulum.
1823 503 1867 509 —

391 553 548 592 serratis
574 552 724 600 lembus.
751 550 883 588 salvis.

444 618 487 655 Υ.
517 618 680 655 23—-24,
709 618 740 653 ,1
751 619 836 653 ηίοη
848 614 858 652 ι’
882 613 1035 664 scriptu.
1059 613 1112 650 M.
1138 610 1301 650 Antonii
1325 610 1537 656 triumviri,
1562 611 1629 661 qui
1651 610 1692 649 in
1715 609 1872 661 scriptis

392 682 474 720 suis=
499 680 765 720 ()‹·tax·iam11n
788 692 890 729 saepe
914 676 1198 715 contumeliose
1222 675 1441 714 insectatus
1466 680 1541 721 est3
1564 678 1614 714 cf.
1636 676 1744 716 Suet.
1769 675 1869 726 Aug.

391 748 442 785 7.:
456 746 548 785 «Sed
565 751 600 782 vt
619 758 638 782 a
656 745 707 782 M.
726 743 900 782 Antonio
915 742 954 779 in
984 741 1159 792 epistolis
1174 754 1242 791 per
1257 739 1542 779 contumeliam
1555 754 1658 792 saepe
1673 739 1872 780 Thurinus

391 810 613 861 appellatur
648 810 715 857 (sc.
752 807 1027 853 Octavianus),
1062 811 1099 843 et
1133 805 1216 856 ipse
1249 805 1349 844 nihil
1381 805 1551 856 amplius
1583 819 1705 856 quam
1737 803 1871 844 mirari

391 888 430 912 se
468 873 660 913 περι-11111.
700 871 911 922 opprobrio
949 870 1021 908 sibi
1061 870 1169 921 prius
1207 883 1352 908 nomen
1390 870 1522 909 obici.»
1562 893 1604 898 —
1643 870 1868 909 Doctus...

392 939 551 983 Brutus,
583 950 787 988 percussor
818 935 907 974 Iulii
940 935 1099 974 Caesaris
1131 934 1351 980 dictatoris,
1382 935 1639 986 philosophus
1669 938 1708 973 et
1738 938 1873 974 orator

390 1003 533 1041 clarus:
575 1002 835 1049 c‹1›gitandum
874 1000 1072 1051 praecipue
1113 1000 1160 1038 (le
1199 999 1438 1050 panegyrico
1478 999 1560 1038 eius
1599 1000 1639 1038 in
1681 1000 1873 1038 Catonem

392 1067 598 1106 miiwrem.
633 1066 878 1104 defensorem
911 1064 1106 1102 libertatis
1137 1064 1363 1115 reipublicae
1395 1064 1601 1110 Romanae,
1635 1064 1742 1114 quod
1773 1074 1874 1114 opus

395 1133 597 1181 Augustus
631 1130 714 1181 ipse
748 1132 921 1168 refutare
955 1133 1122 1168 conatus
1157 1133 1232 1174 est;
1267 1130 1317 1167 cf.
1351 1129 1460 1170 Suet.
1496 1129 1596 1179 Aug.
1631 1130 1695 1168 85:
1727 1128 1874 1167 «Multa

389 1196 489 1234 varii
526 1196 675 1245 generis
712 1208 828 1245 prosa
864 1194 1043 1233 oratione
1079 1194 1316 1245 composuit,
1343 1207 1392 1232 ex
1427 1193 1571 1244 quibus
1606 1193 1798 1232 nonnulla
1831 1190 1874 1230 in

389 1266 496 1299 coetu
536 1259 792 1298 familiarium
830 1260 941 1297 velut
981 1258 1021 1296 in
1061 1259 1260 1297 auditorio
1297 1258 1496 1304 recitavit,
1536 1258 1639 1298 sicut
1673 1257 1876 1310 Rescripta

392 1326 512 1364 Bruto
537 1325 585 1362 de
611 1325 789 1363 Catone.»
816 1347 859 1351 —
889 1324 926 1362 in
953 1328 1136 1375 promptu
1159 1323 1305 1363 scrinia
1325 1355 1332 1362 .
1353 1354 1360 1362 .
1382 1355 1389 1362 .
1415 1324 1534 1370 habet,
1559 1323 1584 1361 i.
1610 1336 1642 1362 e.
1668 1323 1708 1361 in
1733 1321 1872 1362 biblio-

389 1389 516 1428 thecis
541 1389 709 1427 libenter
732 1389 960 1427 ccdlocatur.
990 1412 1032 1416 —
1059 1389 1217 1435 scrinia,
1243 1391 1292 1427 cf.
1319 1389 1369 1428 ad
1395 1389 1512 1427 Trist.
1538 1389 1569 1427 I.
1597 1391 1631 1435 1,
1658 1389 1887 1428 105—107.·

441 1454 487 1492 V.
518 1456 580 1493 26.
610 1455 707 1499 deos,
739 1454 918 1493 Caesares.
1093 1444 1096 1447 ’

439 1519 486 1558 Υ.
514 1520 677 1558 27—28.
703 1519 913 1558 Caesareo.
934 1548 942 1557 .
963 1549 971 1557 .
999 1519 1148 1565 honore,
1176 1519 1361 1558 laudibus
1390 1518 1571 1568 Augusti.

439 1584 486 1621 Υ.
517 1585 577 1622 30.
607 1584 754 1635 dempto
785 1584 948 1629 nomine,
978 1597 1030 1622 sc.
1061 1584 1248 1623 auctoris.

440 1648 485 1686 Υ.
516 1650 678 1686 31—32.
708 1654 853 1699 pac-(tice
882 1662 1011 1688 muzus
1038 1649 1160 1694 olivae,
1189 1649 1346 1699 signum
1374 1649 1494 1700 pacis,
1524 1649 1631 1699 quod
1659 1648 1874 1698 gestabant

388 1712 505 1762 legati
535 1726 672 1763 pacem
701 1718 894 1763 petentes.
926 1737 968 1741 —
999 1718 1193 1753 auctorem
1218 1714 1340 1766 pacis,
1370 1714 1610 1764 Augustum,
1640 1712 1707 1763 qui
1733 1724 1876 1764 pacem

387 1777 498 1815 dedit
525 1777 607 1815 orbi
635 1783 830 1816 terrarum
857 1778 932 1816 toti
959 1778 1152 1829 bellisque
1177 1779 1369 1818 confectis
1395 1792 1506 1817 aram
1531 1778 1644 1818 Pacis
1671 1776 1874 1818 dedicavit

388 1842 525 1880 Romae
553 1856 615 1880 an.
644 1856 678 1880 a.
708 1843 796 1881 Chr.
823 1857 862 1880 n.
889 1845 925 1881 9.

440 1907 486 1944 Υ.
516 1909 576 1945 33.
601 1908 741 1945 Aeneae
761 1908 884 1946 ccrriae
902 1908 1068 1947 subiecta
1089 1909 1254 1960 parenti,
1277 1909 1325 1947 de
1346 1910 1478 1947 Aenea
1498 1912 1654 1960 patrem
1674 1907 1873 1947 Anchisen

390 1984 410 2007 e
440 1971 613 2009 flammis
644 1972 768 2010 Troiae
797 1973 943 2011 umeris
973 1975 1163 2012 efferente
1192 1976 1241 2012 cf.
1272 1974 1387 2024 Verg.
1419 1975 1516 2012 Aen.
1548 1974 1602 2012 II.
1632 1975 1722 2013 757:
1749 1973 1874 2022 «Ergo

392 2048 476 2085 age,
503 2050 590 2074 care
616 2042 742 2086 pater.
769 2038 910 2076 cervici
938 2038 1140 2089 imponere
1165 2043 1326 2077 nostrae»
1351 2043 1389 2077 et
1417 2039 1491 2078 Ov.
1516 2039 1611 2078 Met.
1632 2038 1752 2077 XIII.
1779 2038 1870 2076 623:

388 2113 518 2138 «sacra
559 2105 595 2139 rt
635 2114 742 2140 sacra
783 2103 920 2149 altera,
959 2107 1128 2154 patrem,
1167 2103 1260 2142 Fert
1299 2103 1457 2150 umeris,
1495 2102 1720 2142 venerabile
1757 2114 1871 2147 onus,

393 2164 624 2215 Cythereius
649 2167 792 2204 heros.»

440 2230 485 2267 Υ.
515 2231 678 2268 35-36.
708 2232 923 2278 sunamidem,
951 2234 1190 2283 Augustum,
1217 2233 1327 2272 cuius
1353 2237 1466 2284 pater
1491 2232 1718 2284 adoptivus,
1745 2231 1871 2271 Iulius

387 2294 516 2332 Caesar
536 2295 720 2335 dictator.
741 2297 932 2345 originem
954 2298 1096 2336 ducere
1114 2299 1336 2349 putabatur
1355 2299 1405 2337 ab
1426 2297 1526 2344 Iulo,
1547 2299 1687 2336 Aeneae
1707 2296 1799 2336 filio.
1823 2319 1866 2324 —

385 2358 523 2409 patriae
551 2364 668 2410 pater.
699 2362 901 2407 Augustus
930 2376 951 2400 a
981 2367 1123 2401 senatu
1151 2367 1266 2414 pater
1294 2363 1433 2414 patriae
1462 2362 1686 2414 appellatus
1714 2365 1774 2401 est
1803 2374 1868 2400 an.

387 2436 421 2460 a.
448 2423 534 2461 Chr.
559 2437 597 2461 11.
622 2426 657 2462 2.
687 2449 727 2452 —-
756 2426 892 2477 ipsius,
917 2440 969 2466 sc.
996 2428 1150 2466 Aeneae.

437 2488 482 2525 Υ.
513 2490 572 2525 38.
595 2489 803 2528 Iactamem
820 2491 967 2530 Pharia
987 2493 1142 2531 tinnula
1160 2492 1277 2532 sistra
1295 2505 1427 2539 manu,
1447 2492 1579 2543 agitur
1599 2492 1646 2530 de
1664 2491 1872 2530 sacerdote

386 2552 636 2591 mendicante
671 2554 799 2599 Isidis,
835 2556 914 2594 deae
950 2558 1168 2608 Aegyptiae,
1203 2557 1315 2597 cuius
1348 2557 1478 2596 cultus
1511 2557 1650 2595 Romae
1683 2557 1870 2607 frequens

385 2620 482 2654 erat.
515 2640 557 2645 —
583 2618 729 2656 Pharia
750 2649 757 2656 .
780 2650 786 2656 .
808 2650 814 2657 .
847 2634 974 2667 manu,
1005 2636 1025 2659 a
1054 2622 1198 2669 Pharo,
1226 2622 1356 2661 insula-
1383 2622 1433 2661 ad
1462 2621 1747 2661 Alexandriam
1773 2620 1869 2666 sitm

385 2680 578 2730 significat
616 2696 683 2732 per
719 2686 1008 2735 metonymiam
1046 2688 1288 2738 Aegyptum.
1329 2710 1371 2715 —
1409 2687 1537 2733 sistra,
1575 2685 1793 2738 crepundia
1826 2684 1868 2722 in
