1990 3271
1588 326 1628 358 15

140 442 260 496 equis,
290 442 517 486 Diomedes,
545 456 613 480 rex
642 442 851 480 Bistonum
878 442 916 480 in
945 443 1123 483 Thracia.
1152 443 1218 493 qui
1246 458 1368 493 equos
1394 458 1484 483 suos
1510 459 1629 484 carne.

142 507 347 558 hospitum
364 507 490 557 pavit,
507 520 625 557 quem
643 507 831 545 Hercules
849 507 1008 544 demum
1025 507 1135 556 equis
1152 508 1320 557 propriis
1337 510 1626 548 coniedendum

142 571 300 611 obiecit.

193 637 240 675 V.
264 638 347 675 125.
367 636 516 675 Clausit
535 641 568 674 01
589 640 728 674 aeternci
749 635 869 673 civica
891 635 982 673 bella
1003 649 1099 680 sera,
1121 636 1187 685 qui
1211 636 1320 675 bellis
1341 643 1377 675 et
1401 638 1626 677 domesticis

141 704 182 739 et
207 701 380 740 externis
406 700 595 739 contectis
621 700 816 750 templum
844 700 928 737 Iani
955 700 1116 746 clausit;
1143 703 1192 739 cf.
1219 714 1336 751 supra
1365 703 1414 740 ad
1443 703 1473 740 Ι.
1503 706 1535 748 1,
1563 706 1623 742 32.

138 771 180 805 et
215 766 330 815 Verg.
365 766 461 803 Aen.
497 765 527 803 I.
561 766 652 803 293:
683 764 793 803 «dirae
826 767 928 803 ferro
954 771 992 803 et
1017 766 1276 816 compagibus
1301 766 1401 805 artis
1435 767 1625 806 Clauden-

138 833 205 869 tur
237 829 335 869 Belli
364 834 515 880 portae».

188 895 236 934 V.
264 896 348 933 130.
374 894 477 945 fuya,
504 894 679 932 exilium.

188 959 236 998 V.
272 960 357 998 131.
393 959 506 1004 colui,
541 958 698 1009 proprie
732 958 876 998 dicitur
911 959 958 997 de
992 959 1051 1004 iis,
1087 959 1153 1009 qui
1189 960 1327 999 domos
1361 964 1622 1011 patronorum

137 1023 333 1063 nobilium
361 1024 632 1073 frequentant.

185 1089 233 1128 V.
270 1090 355 1127 133.
389 1088 485 1127 duxi
517 1092 654 1127 vestros
685 1089 925 1139 Hymenaeon
959 1089 1008 1127 ad
1040 1089 1160 1140 iqnes,
1198 1089 1224 1126 i.
1260 1102 1291 1127 e.
1327 1091 1501 1129 carmine
1533 1105 1622 1130 meo

134 1153 303 1205 nuptiali
329 1152 514 1191 invocavi
539 1153 804 1203 Hymenaeum
830 1153 961 1199 (1011111,
986 1157 1031 1192 ut
1064 1154 1221 1193 adesset
1254 1155 1405 1204 nuptiis
1438 1155 1533 1202 tuis;
1567 1158 1618 1195 ct.

134 1217 278 1258 Catull.
315 1219 376 1264 62,
403 1221 440 1256 5:
463 1218 642 1268 «Hymen
667 1218 760 1256 ades
785 1231 808 1257 o
832 1218 1077 1268 Hymenaee».
1107 1242 1150 1246 -—
1182 1223 1345 1258 vestros.
1366 1250 1374 1257 .
1395 1250 1402 1257 .
1420 1221 1470 1258 ad
1504 1220 1620 1271 igmes,

132 1283 186 1321 ad
221 1282 384 1333 nuptias
420 1282 534 1321 Fabii
570 1286 610 1321 et
646 1283 802 1321 Marciae
838 1282 942 1321 infra
977 1296 1038 1321 vs.
1076 1285 1162 1322 140.
1200 1288 1534 1324 commemoratae.
1577 1309 1618 1313 —

133 1347 386 1398 Hymenaeon,
423 1348 667 1398 Hymenaeus
713 1347 796 1386 sive
830 1348 1005 1398 Hymen,
1043 1348 1138 1386 deus
1172 1348 1421 1399 nuptiarmm
1458 1350 1507 1388 cf.
1546 1350 1619 1390 Ov.

134 1411 232 1451 Met.
256 1412 324 1451 IV.
348 1413 438 1452 796:
459 1412 577 1451 «Cum
598 1412 732 1450 Venus
756 1416 795 1450 et
820 1413 920 1451 Iuno
943 1412 1149 1463 sociosque
1170 1413 1415 1464 Hymenaeus
1438 1415 1488 1452 ad
1510 1414 1620 1465 ignes

134 1476 414 1516 Conveniunt».
440 1500 482 1504 —
504 1476 623 1527 iqnes,
644 1477 822 1527 nuptias;
844 1490 939 1515 nam
959 1491 1064 1516 nova
1085 1482 1212 1528 nupta
1234 1478 1389 1528 vesperi
1409 1478 1450 1516 in
1471 1492 1618 1531 pompa

132 1541 313 1581 soHemni
343 1541 496 1580 facibus
527 1542 759 1580 ardentibus
791 1542 1062 1581 deducebatur
1092 1542 1132 1580 in
1164 1543 1328 1581 domum
1358 1544 1503 1582 mariti.

184 1606 232 1645 V.
260 1607 346 1645 136.
368 1607 526 1645 domino
551 1606 619 1658 qui
642 1619 800 1646 nocuere
825 1620 906 1653 suo,
933 1620 986 1646 sc.
1014 1608 1088 1646 Ars
1115 1608 1334 1646 Amatoria.

183 1671 231 1711 V.
264 1672 477 1710 138—142.
509 1672 629 1710 Hunc
659 1671 791 1710 10011111
820 1671 1109 1723 interpretatus
1140 1685 1229 1711 sum
1258 1672 1299 1710 in
1330 1674 1618 1712 commentario

132 1734 324 1775 Tristium
355 1749 393 1786 p.
428 1737 641 1781 129—132,
675 1737 783 1786 quod
814 1736 919 1774 vide.

182 1800 231 1839 V.
265 1802 351 1839 140.
385 1805 464 1839 est.
485 1830 492 1838 .
513 1814 662 1846 mensa,
695 1802 769 1840 1100
803 1801 888 1840 1000
921 1815 1070 1840 censeor
1103 1805 1162 1840 est
1195 1802 1363 1840 verbum
1397 1803 1615 1854 deponens3

131 1865 183 1904 cf.
223 1864 300 1904 Cic.
338 1865 467 1904 Flacc.
505 1866 569 1904 32:
606 1865 792 1904 «Voluisti
831 1879 1022 1916 magnum
1058 1866 1142 1916 agri
1179 1867 1343 1905 modum
1380 1868 1585 1907 censeri..
1605 1898 1614 1907 .

131 1929 279 1968 Census
308 1942 347 1968 es
376 1929 575 1980 mancipia
604 1931 816 1981 Amyntae».

181 1994 229 2034 V.
260 1996 345 2032 144.
374 1994 541 2034 Claudia
569 1995 703 2034 divina
730 2009 810 2034 non
837 1995 997 2046 equisset
1026 2009 1107 2047 ope,
1140 1995 1303 2035 Claudia¹
1334 1996 1496 2044 Quinta,
1526 2010 1614 2048 quae

129 2059 282 2097 fama-m
304 2071 418 2097 suam
441 2059 479 2097 in
507 2059 674 2097 dubium
696 2064 885 2099 vocatam
909 2060 1046 2098 divina
1069 2074 1144 2111 ope
1166 2061 1355 2099 restituit.
1384 2062 1483 2101 Cum
1507 2062 1614 2101 enim

128 2135 193 2162 an.
215 2124 301 2162 209.
325 2136 360 2161 a.
384 2124 472 2163 Chr.
494 2137 533 2161 11.
555 2124 686 2179 imago
708 2125 884 2175 Cybeles,
906 2125 1060 2175 Magnae
1082 2125 1222 2164 Matris
1245 2126 1421 2173 deorum,
1444 2127 1612 2166 adverso

129 2187 261 2227 Tiberi
277 2188 453 2227 Romam
468 2189 678 2228 veheretur
694 2189 889 2240 navisque
903 2189 944 2228 in
959 2190 1098 2229 limoso
1115 2191 1220 2229 vado
1235 2191 1416 2237 haereret,
1435 2191 1612 2238 Claudia,

128 2252 276 2291 auxilio
299 2253 380 2291 deae
402 2253 602 2299 invocato,
625 2267 772 2292 navem
792 2255 878 2294 1000
901 2268 1060 2293 movere
1082 2255 1165 2294 sola
1187 2255 1319 2306 potuit
1342 2259 1515 2306 postque
1535 2256 1609 2296 hoc

127 2316 366 2356 miraculum
379 2319 429 2356 ab
444 2318 628 2357 omnibus
642 2323 753 2357 casta
767 2322 826 2358 est
840 2320 1004 2358 credita.
1021 2319 1078 2359 Cf.
1095 2320 1168 2360 Ov.
1183 2320 1293 2358 Fast.
1310 2321 1377 2359 IV.
1393 2322 1609 2360 305—344.

177 2382 225 2421 V.
253 2383 339 2421 146.
363 2383 549 2422 Proxima
574 2397 666 2435 pars
691 2384 778 2423 vitae
803 2384 1058 2423 transilienda
1083 2397 1186 2430 meae,
1213 2385 1240 2423 i.
1269 2398 1301 2423 e.
1331 2386 1378 2423 de
1404 2386 1532 2436 culpa,
1559 2386 1611 2425 ob

126 2458 250 2496 quam
269 2447 466 2497 relegatus
490 2461 591 2494 sum,
616 2452 747 2487 tacere
771 2449 908 2489 debeo.
935 2449 1118 2488 Ceterum
1143 2450 1191 2488 de
1214 2463 1333 2488 causa
1358 2450 1610 2500 relegationis

126 2510 321 2561 probabili
345 2512 409 2558 cf„
434 2525 521 2562 quae
547 2513 712 2564 exposui
735 2513 777 2551 in
800 2514 1088 2553 comment-ario
1113 2514 1303 2553 Tristium
1326 2529 1364 2565 p.
1392 2516 1606 2555 132—137.

177 2574 225 2614 V.
256 2575 468 2616 149-150.
499 2582 639 2617 vestras
667 2578 926 2630 complectitur
953 2592 1054 2625 uras,
1085 2583 1131 2618 ut
1161 2579 1356 2630 supplices
1387 2580 1527 2618 solent.
1563 2603 1605 2608 —

125 2639 244 2678 cultos
259 2641 309 2679 ad
323 2640 399 2679 sibi
416 2672 424 2679 .
445 2672 452 2679 .
473 2673 480 2680 .
499 2643 597 2689 deos,
614 2642 640 2680 i.
660 2656 691 2682 e.
710 2644 761 2681 ad
778 2647 968 2694 patronos
983 2644 1134 2683 nobiles
1152 2648 1191 2682 et
1208 2648 1408 2695 potentes;
1426 2643 1607 2683 similiter

126 2703 222 2743 dicit
247 2703 351 2743 infra
379 2706 411 2744 Ι.
439 2707 475 2753 9,
503 2709 666 2746 35—36.
697 2709 764 2758 (ad
793 2709 954 2747 Cottam
980 2709 1217 2759 Maximum)
1249 2709 1296 2747 de
1325 2709 1448 2754 Celso,
1479 2709 1606 2748 Cottae

123 2767 291 2807 Maximi
307 2769 472 2810 cultore:
488 2772 611 2810 «Nam
627 2776 699 2810 tua
715 2786 795 2812 non
813 2773 889 2812 alio
906 2773 1028 2812 coluit
1046 2774 1265 2824 penetralia
1281 2773 1376 2819 ritu,
1396 2774 1607 2812 Terrarum
