1990 3271
410 246 454 276 0⁴6

969 411 1053 449 Mb.
1080 410 1157 451 JV,
1183 411 1269 462 0129.
1295 411 1330 450 6.

988 509 1063 553 Ad
1091 510 1305 554 Brutum.

458 627 518 666 Ad
542 626 711 665 cundem
735 637 852 674 supra
880 623 911 662 Ι.
938 625 987 667 1.,
1012 622 1078 660 ubi
1103 625 1153 660 cf.
1178 622 1270 660 adn.

456 693 502 731 Y.
534 694 567 730 1.
592 690 761 741 Scythia,
786 691 835 728 cs.
860 689 910 726 ad
936 687 1053 726 Trist.
1079 687 1156 726 III.
1181 691 1217 732 4,
1241 689 1302 725 46.
1332 709 1373 714 —
1399 687 1659 739 quinqzoenm's
1683 687 1886 741 Olympias

405 762 488 796 acta
514 761 586 795 est:
615 756 700 794 Iam
730 759 877 804 tempus
909 752 1019 791 lustri
1046 752 1181 790 transit
1208 752 1251 791 ¹in.
1277 752 1446 798 alterius,
1473 752 1498 790 i.
1527 766 1559 791 e.
1588 753 1764 803 quinque
1789 753 1885 793 anni

401 822 482 861 111111
509 820 797 872 praeterierimt.
823 817 987 867 Scripsit
1015 816 1183 855 Ovidius
1208 817 1312 856 hanc
1338 817 1551 868 epistulam
1578 822 1668 868 post
1694 818 1885 858 nuntium

403 887 451 925 di·
472 890 598 924 morte
619 883 789 933 Augusti
812 883 878 933 (cf.
899 882 1001 920 infra
1024 895 1082 919 VS.
1107 883 1284 931 15—16.)
1308 881 1452 921 Tomos
1473 882 1654 921 allatum.
1678 884 1882 934 Augustus

401 955 536 989 antem
564 954 743 987 mortuus
770 952 826 986 est
855 960 988 985 mense
1015 947 1196 996 Augusto
1223 959 1288 984 an.
1318 949 1377 985 14.
1407 947 1592 986 Ceterum
1611 952 1732 998 poeta
1758 948 1883 987 etiam

400 1016 473 1054 hoe
506 1015 590 1053 loco
624 1012 860 1063 Olympiada
897 1012 1122 1051 Graecoruni
1155 1024 1246 1049 cum
1277 1011 1403 1050 lustro
1436 1012 1620 1051 Romano
1653 1013 1882 1060 confundit-‚3

400 1084 450 1119 cf.
476 1080 526 1118 ad
552 1079 670 1118 Trist.
697 1078 765 1117 IV.
793 1080 852 1123 10,
878 1077 1042 1116 95—96.

453 1145 498 1183 V.
527 1146 549 1184 7
557 1145 639 1183 -8,
663 1142 758 1182 votis
777 1173 784 1180 .
806 1173 813 1180 .
834 1173 841 1180 .
859 1141 1019 1193 opponit
1039 1172 1046 1179 .
1067 1172 1074 1179 .
1095 1172 1102 1179 .
1121 1141 1265 1192 pedem,
1290 1144 1500 1191 tamquam
1522 1141 1760 1192 supplantat
1782 1145 1882 1182 vota

400 1223 504 1255 inoffi
529 1209 660 1258 imago
686 1221 709 1246 a
733 1207 981 1246 luctantibus
1007 1207 1141 1245 dueta.

452 1275 498 1313 V.
527 1275 664 1313 9—16.
688 1273 805 1311 Hmic
830 1273 961 1311 locum
980 1271 1310 1322 interpretatione
1332 1271 1506 1310 instruxi
1526 1271 1568 1310 in
1591 1271 1878 1312 commentario

401 1339 590 1378 'si-istium
614 1353 652 1389 p.
679 1339 906 1382 134—136.,
932 1336 1039 1386 quod
1063 1336 1168 1375 vide.

450 1404 496 1442 V.
527 1406 586 1442 15.
608 1404 768 1454 deceptae
787 1433 794 1440 .
815 1433 822 1440 .
843 1433 850 1440 .
869 1402 1004 1453 culpae,
1026 1402 1051 1439 i.
1073 1414 1106 1440 e.
1129 1401 1265 1447 errori3
1287 1402 1336 1440 cf.
1359 1401 1409 1439 ad
1432 1401 1551 1440 Trist.
1574 1401 1606 1440 I.
1628 1403 1665 1448 2,
1686 1403 1748 1441 99.

448 1469 494 1508 V.
525 1470 686 1507 17—18.
703 1468 746 1506 de
761 1467 878 1506 coelite
897 1497 905 1505 .
925 1497 933 1505 .
954 1497 962 1504 .
979 1466 1117 1505 recenti
1136 1497 1143 1504 .
1164 1496 1172 1504 .
1192 1497 1200 1504 .
1218 1479 1382 1511 carmen,
1398 1466 1556 1516 scripsit
1571 1466 1693 1517 igitur
1709 1465 1877 1506 Ovidius

396 1533 616 1584 epicedium
634 1533 673 1571 in
693 1538 862 1571 mortem
883 1531 1049 1581 Augusti
1069 1531 1189 1581 idque
1208 1531 1381 1569 Romam
1399 1531 1521 1569 misit.
1546 1554 1588 1558 —
1608 1531 1652 1571 de
1670 1531 1790 1571 coelite
1808 1562 1816 1570 .
1837 1562 1845 1570 .
1866 1561 1876 1571 .

395 1598 544 1643 recenti,
579 1599 627 1636 de
660 1599 853 1647 Augusto,
888 1596 955 1646 qui
989 1601 1078 1646 post
1113 1599 1283 1634 mortem
1315 1599 1568 1635 consecratus
1602 1596 1697 1635 Divi
1728 1609 1876 1636 nomen

396 1663 561 1714 aceepit.
588 1686 630 1690 —
658 1663 791 1702 Vestra
810 1693 817 1700 .
838 1692 845 1699 .
867 1692 874 1700 .
892 1661 937 1700 in
957 1674 1036 1706 ora,
1058 1661 1084 1699 i.
1109 1677 1142 1699 e.
1166 1665 1211 1698 ut
1232 1673 1304 1699 vos
1325 1661 1367 1699 id
1389 1661 1542 1711 legatis.

448 1728 494 1767 V.
522 1729 585 1766 28.
611 1740 741 1772 sacrse,
769 1727 965 1765 Caesareae.

447 1793 493 1831 V.
522 1794 583 1831 21.
607 1792 751 1844 liquido
771 1823 778 1829 .
799 1822 806 1830 .
828 1791 995 1836 ,dur-are,
1018 1791 1068 1829 cf.
1092 1803 1212 1840 supra
1234 1790 1285 1828 ad
1308 1790 1386 1829 III.
1409 1792 1445 1837 3,
1468 1791 1530 1829 49.

445 1857 491 1896 V.
511 1859 674 1896 29—30.
694 1857 822 1895 Marte
840 1855 996 1906 sorensi,
1017 1855 1144 1894 causis
1162 1855 1203 1893 in
1224 1856 1308 1894 foro
1329 1855 1506 1906 agendis,
1526 1855 1671 1894 forensi
1691 1855 1879 1906 eloquen-

393 1922 462 1961 tia.
486 1945 529 1949 —
550 1921 681 1974 per-aqi
699 1952 706 1960 .
727 1953 734 1960 .
755 1952 763 1959 .
780 1934 874 1967 reos,
894 1921 1147 1959 referendum
1167 1920 1218 1958 ad
1237 1919 1354 1958 Bruti
1373 1920 1573 1960 orationes
1592 1920 1878 1960 accusatorias.

446 1987 491 2026 V.
520 1988 581 2025 35.
606 1987 651 2025 ‘in
674 1986 807 2032 armis,
832 2000 887 2025 so.
913 1985 1162 2035 eloquentiae.

444 2052 490 2090 V.
519 2053 681 2092 37—38.
708 2052 905 2097 limantur,
930 2051 1203 2101 expoliuntur3
1229 2050 1278 2089 cf.
1305 2050 1356 2089 ad
1382 2050 1413 2089 Ι.
1441 2053 1477 2096 5,
1505 2051 1565 2089 19.
1595 2072 1638 2077 -
1664 2049 1790 2089 Istius
1808 2080 1817 2089 .
1837 2079 1846 2089 .
1865 2079 1876 2090 .

391 2116 571 2169 corporis,
608 2116 786 2155 mortalis
822 2115 1009 2166 corporis,
1046 2115 1225 2154 mortalis
1260 2115 1449 2161 hominis;
1486 2116 1536 2155 cf.
1570 2115 1706 2156 Seneo.
1743 2114 1876 2166 Epist.

392 2183 454 2228 65,
474 2183 538 2221 22:
565 2181 631 2220 «In
655 2182 730 2220 hoc
755 2181 929 2220 obnoxio
947 2181 1148 2220 domicilio
1167 2180 1324 2219 animus
1342 2180 1442 2219 liber
1460 2179 1635 2219 habitat.
1657 2179 1877 2230 Nunquam

391 2259 454 2285 nie
482 2260 568 2286 caro
594 2247 670 2285 ista
697 2246 908 2297 compellet
937 2245 988 2283 ad
1017 2250 1184 2291 metum,
1213 2258 1422 2295 nunquam
1451 2245 1503 2283 ad
1530 2245 1740 2295 indignam
1768 2245 1874 2284 bono

390 2311 698 2357 simulationem,
722 2325 931 2361 nunquam
954 2311 995 2349 in
1019 2311 1212 2349 honorem
1235 2309 1355 2349 huius
1377 2309 1598 2361 corpusculi
1622 2309 1822 2348 mentiar».

441 2376 488 2415 V.
517 2378 680 2415 45—46.
703 2376 972 2422 contertm'nus,
996 2375 1165 2414 vicinus.
1193 2397 1236 2402 —
1260 2375 1314 2413 In
1333 2379 1463 2426 caput,
1485 2374 1527 2413 in
1550 2375 1719 2414 fontem.

440 2441 487 2480 V.
516 2443 679 2480 47—48.
717 2442 974 2492 Thyesteae..
994 2453 1173 2486 .mensae,
1207 2440 1258 2479 cf.
1292 2440 1343 2478 ad
1377 2439 1495 2478 Trist.
1531 2439 1585 2478 II.
1620 2440 1708 2479 391.
1745 2461 1789 2466 —
1823 2437 1876 2478 ad

389 2519 477 2545 eoas
495 2536 504 2544 .
524 2536 532 2544 .
552 2536 561 2544 .
578 2519 711 2558 aquas,
753 2506 804 2545 ad
845 2506 1053 2552 orientem,
1095 2505 1146 2544 ad
1189 2505 1392 2544 Oceanum
1433 2504 1686 2551 orientalem
1727 2504 1779 2544 cf.
1821 2502 1874 2542 ad

390 2570 445 2609 ΙΙ.
473 2574 509 2617 5,
537 2573 597 2610 50.

440 2635 487 2674 V.
516 2638 577 2674 49.
617 2636 849 2687 ademptum,
888 2640 1099 2686 tamquam
1137 2638 1266 2674 morte
1303 2635 1532 2686 abreptun1;
1572 2635 1622 2674 cf.
1661 2633 1713 2672 ad
1751 2632 1872 2673 Trist.

389 2699 422 2738 I.
451 2702 486 2746 1,
512 2701 573 2739 27.
