1990 3271
367 222 413 255 82

367 350 417 386 cf.
440 356 560 395 supra
586 342 654 382 IV.
679 344 714 387 5,
737 341 802 379 46:
821 341 886 381 «Se
908 341 991 378 sore
1013 339 1200 390 mancipii
1222 344 1380 391 tempus
1401 342 1441 380 in
1463 355 1580 381 omne
1602 343 1678 381 tui»
1697 347 1737 381 et
1760 343 1848 384 Gai.

366 412 467 451 Inst.
513 408 544 447 Ι.
592 408 680 446 119;
723 406 814 444 «Est
858 410 994 444 autem
1038 405 1282 456 mancipatio
1303 437 1310 444 .
1332 436 1339 444 .
1360 437 1368 444 .
1385 406 1620 456 imaginaria
1664 408 1849 458 quaedam

364 474 544 515 venditio
563 504 571 512 .
592 504 599 511 .
621 503 628 510 .
647 485 772 521 eaque
813 485 875 510 res
915 471 971 509 ita
1013 471 1160 521 agitm:
1202 471 1392 510 adhibitis
1432 485 1512 510 non
1553 473 1684 511 minus
1726 486 1848 523 quam

365 541 542 591 quinque
576 538 761 582 testibus,
798 537 953 575 civibus
985 536 1177 574 Romanis
1214 537 1443 586 puberibus,
1469 541 1509 575 et
1545 544 1735 587 praeterea
1770 539 1847 578 alio

364 605 543 645 eiusdem
583 601 834 647 conditionis,
871 601 938 651 qui
972 601 1115 639 libram
1150 614 1301 639 aeneam
1334 606 1484 648 teneat,
1519 602 1587 652 qui
1622 603 1848 653 appellatur

362 670 566 721 libripens,
596 669 627 706 is
658 667 726 717 qui
760 666 959 717 mancipio
989 666 1147 716 accipit,
1178 680 1261 704 rem
1290 673 1430 706 tenens
1459 667 1515 705 ita
1547 667 1671 706 dicit:
1709 667 1846 709 «Hunc

362 749 433 784 ego
454 734 656 774 hominem
679 745 728 771 ex
748 732 831 770 iure
854 731 1069 779 Quiritium
1091 745 1225 769 meum
1246 745 1329 771 esse
1349 733 1412 771 aio
1433 732 1546 782 isque
1566 732 1663 771 mihi
1685 737 1845 784 emptus

361 806 421 840 est
454 800 529 839 hoc
564 811 637 836 aere
671 809 858 846 aeneaque
891 796 1019 842 libra»,
1054 796 1197 834 deinde
1231 810 1305 835 aere
1339 797 1512 848 percutit
1545 798 1690 836 libram
1722 801 1847 848 atque

362 878 411 904 aes
433 866 503 904 dat
524 863 571 910 ei,
592 877 615 901 a
636 875 714 912 quo
735 861 932 912 mancipio
954 861 1112 911 accipit,
1135 861 1248 911 quasi
1270 862 1386 912 pretii
1406 862 1519 902 loco».
1546 885 1587 889 —
1612 863 1709 902 libra
1727 894 1735 902 .
1757 894 1765 902 .
1786 893 1794 902 .
1812 868 1847 903 et

360 943 432 969 oere
457 929 600 968 minu-s.
627 928 711 966 sine
736 927 837 965 libra
864 931 903 965 et
931 939 1018 972 aere,
1039 926 1335 976 mancipatione
1361 932 1545 978 excepta;
1573 929 1623 967 cf.
1645 928 1719 967 Ov.
1746 927 1844 968 Met.

359 995 457 1034 XII.
478 997 566 1033 554:
583 993 661 1031 «bis
679 1005 749 1031 sex
767 992 994 1031 ceciderunt
1014 1004 1075 1030 me
1094 991 1226 1029 minus
1245 1004 1341 1030 uno»
1358 992 1384 1030 i.
1404 1005 1436 1031 e.
1458 996 1601 1042 praeter
1619 1006 1682 1038 me
1700 1006 1843 1040 unum3

359 1060 434 1099 Ov.
461 1060 507 1098 A.
536 1060 581 1097 A.
611 1058 641 1096 Ι.
669 1059 758 1096 643:
783 1057 960 1102 «Ludite,
987 1057 1018 1095 si
1044 1056 1198 1107 sapitis,
1225 1057 1327 1095 solas
1353 1058 1517 1108 impune
1543 1057 1710 1108 puellas:
1753 1057 1845 1097 Hac

358 1125 489 1164 minus
512 1128 571 1163 est
595 1136 674 1161 una
698 1122 838 1161 fraude
861 1122 1013 1161 tuenda.
1037 1121 1160 1166 fides»,
1183 1121 1208 1160 i.
1235 1135 1267 1160 e.
1292 1126 1461 1173 excepta
1484 1122 1560 1161 hae
1583 1135 1664 1160 una
1685 1122 1843 1169 fraud03

356 1189 492 1229 Manil.
518 1190 678 1228 Astron.
705 1187 736 1226 Ι.
762 1188 851 1228 776;
875 1187 1191 1237 «Tarquinioque
1216 1187 1347 1226 minus
1372 1199 1497 1238 reges»
1518 1187 1544 1226 i.
1571 1200 1604 1226 e.
1629 1200 1738 1238 reges
1762 1187 1842 1227 Ro-

357 1254 465 1294 mani
491 1267 628 1293 omnes
655 1253 871 1302 Tarquinio
895 1252 1074 1302 Superbo
1101 1256 1282 1303 excepto.

892 1430 978 1470 Lib.
1005 1430 1080 1471 JV.
1106 1429 1216 1481 epist.
1242 1429 1305 1468 16.

932 1529 1006 1572 Ad
1036 1528 1259 1572 invidum.

410 1644 598 1695 Epilogus
630 1642 719 1680 libri
751 1641 885 1691 quarti
917 1654 999 1679 esse
1029 1641 1192 1679 videtur
1223 1640 1273 1678 ad
1306 1639 1441 1679 fictam
1471 1639 1598 1677 invidi
1631 1652 1842 1690 personam

355 1710 539 1760 scriptus.

407 1775 452 1813 V.
483 1775 517 1812 1.
542 1773 658 1824 rapti,
683 1778 894 1822 tamquam
917 1775 1044 1810 morte
1067 1770 1241 1821 abrepti;
1264 1770 1314 1809 cf.
1339 1769 1389 1808 ad
1414 1769 1533 1808 Trist.
1559 1768 1591 1808 1.
1616 1770 1650 1816 1,
1674 1771 1736 1809 27.

409 1840 452 1878 V.
484 1839 595 1877 5-6.
615 1838 790 1883 Marsus,
824 1836 1024 1876 Domitius
1061 1836 1228 1881 Marsus,
1257 1835 1324 1885 qui
1350 1834 1509 1885 scripsit
1536 1834 1841 1885 epigrammata,

354 1904 531 1944 carmina
551 1903 749 1942 amatoria
767 1903 808 1940 in
829 1901 1091 1947 Melaenidem,
1112 1914 1271 1940 carmen
1291 1900 1449 1951 epicum
1468 1899 1769 1938 Amazonidem.
1794 1919 1838 1926 —·

352 1969 555 2021 maynique
573 1999 581 2006 .
601 1999 609 2006 .
630 1998 638 2006 .
655 1968 745 2013 oris,
766 1967 815 2005 ad
844 1966 1099 2017 magnificum
1126 1965 1282 2004 dicendi
1309 1977 1432 2016 genus
1458 1968 1588 2015 poetae
1613 1963 1715 2015 epici
1739 1963 1839 2003 refe-

353 2035 535 2073 rendum.
552 2056 595 2060 —
607 2033 806 2078 Rabirius,
823 2031 891 2082 qui
915 2031 1072 2082 scripsit
1089 2043 1248 2070 carmen
1265 2031 1422 2081 epicum
1440 2030 1488 2068 de
1504 2029 1606 2068 bello
1625 2027 1840 2069 Octaviani

354 2098 568 2150 Aegyptim
598 2099 649 2137 cf.
680 2098 778 2136 Vell.
809 2097 898 2135 Pat.
931 2096 985 2135 ΙΙ.
1015 2098 1078 2142 36,
1111 2097 1149 2134 3;
1176 2095 1298 2134 «inter
1327 2108 1415 2145 quae
1445 2094 1633 2145 (ingenia)
1665 2093 1840 2132 maxime

351 2164 478 2203 nostri
502 2163 576 2202 aevi
599 2163 775 2202 eminent
798 2163 982 2230 princeps
1005 2161 1229 2200 carminum
1251 2159 1445 2210 Vergilius
1469 2158 1765 2208 Rabiriusque».
1793 2179 1837 2186 —

352 2230 573 2280 Iliacusque
590 2228 739 2274 Macer,
758 2228 809 2266 ad
828 2240 947 2277 quem
965 2226 1114 2277 scripta
1133 2229 1192 2265 est
1210 2238 1331 2276 supra
1350 2224 1404 2263 Π.
1426 2226 1499 2270 10.,
1519 2223 1588 2262 ubi
1606 2224 1656 2263 cf.
1676 2223 1770 2262 adn.
1793 2244 1836 2251 -

351 2295 583 2346 Iliacusque,
618 2298 705 2332 erat
739 2293 845 2332 enim
878 2295 1018 2331 auctor
1052 2290 1463 2330 Antehomericorum.
1503 2311 1544 2316 —
1580 2288 1838 2340 sidereusque,

351 2359 529 2405 divinus
558 2359 607 2398 cf.
639 2357 841 2398 Columell.
871 2357 924 2396 X.
955 2358 1044 2395 434.
1075 2357 1139 2407 (de
1168 2354 1372 2405 Vergilio):
1399 2354 1589 2393 «sidereus
1618 2357 1760 2392 vates».
1793 2374 1837 2381 —-

347 2425 463 2471 Pedo,
485 2425 536 2463 ad
556 2437 677 2474 quem
695 2423 844 2473 scripta
864 2425 925 2461 est
944 2435 1063 2472 supra
1086 2421 1157 2460 IV.
1182 2422 1256 2466 10.,
1277 2419 1345 2458 ubi
1365 2420 1414 2459 cf.
1435 2419 1528 2457 adn.

404 2490 449 2529 V.
478 2490 590 2530 7—8.
617 2488 684 2541 qui
707 2489 901 2528 Iunonem
923 2486 1081 2526 loest'sset
1103 2486 1148 2524 in
1170 2485 1346 2530 Hercule,
1370 2485 1510 2530 Carus,
1537 2483 1673 2530 Carus,
1697 2485 1839 2522 auctor

349 2554 611 2601 Heracleidis,
641 2554 692 2592 ad
721 2566 841 2604 quem
867 2552 1017 2603 scripta
1045 2555 1104 2591 est
1132 2563 1252 2601 supra
1281 2550 1349 2589 IV.
1383 2551 1458 2596 13„
1487 2549 1556 2588 ubi
1585 2549 1635 2588 cf.
1664 2548 1759 2588 adn.
1792 2569 1836 2576 -

350 2620 544 2659 Iunonem
576 2619 733 2659 loesisset
764 2618 810 2658 in
840 2617 1017 2663 Hercule,
1050 2616 1075 2655 i.
1109 2629 1143 2655 e.
1181 2616 1389 2660 Iunonem,
1423 2613 1586 2653 Herculi
1617 2613 1837 2659 inimicam,

349 2685 514 2725 laesisset
530 2685 572 2724 in
591 2684 826 2724 Heracleide
845 2683 1058 2722 Herculem
1075 2681 1262 2720 laudibus
1281 2679 1495 2719 efferendo.
1518 2701 1561 2707 -
1581 2678 1752 2718 Iunonis
1770 2708 1778 2716 .
1798 2707 1807 2716 .
1825 2705 1838 2717 .
