1990 3271
378 268 424 302 34

934 494 1020 534 Lib.
1048 494 1110 557 ῌ.
1135 493 1247 545 epm.
1270 493 1307 532 3.

824 593 896 637 Ad
929 593 1117 636 Cottam
1148 591 1415 636 Maximum.

431 709 490 747 Ad
519 707 686 745 eunden]
715 718 832 755 supra
862 704 893 743 Ι.
923 708 974 745 5..
1005 704 1073 742 ubi
1100 704 1149 742 cf.
1179 704 1271 742 adn.

429 773 475 811 V.
500 774 611 810 3—4.
634 771 753 810 Culte.
779 772 827 808 ef.
852 782 971 819 supra
995 769 1045 807 ad
1071 769 1100 807 I.
1125 770 1162 813 2,
1188 770 1274 807 131.
1303 791 1345 796 ——
1370 768 1463 820 quid
1484 767 1590 807 enim
1611 772 1732 807 status
1753 767 1818 806 hic
1839 781 1865 806 a

377 838 509 886 juvere
538 836 678 885 dissert.
709 836 759 873 cf.
790 835 841 872 ad
872 833 988 871 Trist.
1021 833 1052 872 I.
1086 836 1120 879 1,
1151 835 1211 873 27.
1246 856 1289 861 —
1320 833 1557 884 Supremwm
1586 833 1671 872 vitoe
1699 837 1861 884 tempus,

381 906 540 951 tenipus
567 899 828 949 relegationis.

426 966 473 1004 V.
500 966 558 1003 13.
583 965 701 1009 decor,
724 964 950 1008 honesturn,
974 963 1175 1008 honestas,
1201 961 1249 1000 τὸ
1284 961 1409 1000 καλὸν
1432 974 1550 1002 sensu
1572 962 1715 1001 ethico.

427 1030 473 1068 V.
507 1030 565 1067 16.
596 1041 705 1067 nemo
735 1028 917 1079 petendus
946 1028 1027 1073 erit,
1058 1027 1203 1065 nullius
1233 1027 1413 1066 amicitia
1443 1026 1517 1065 erit
1547 1027 1733 1077 petenda.

426 1095 473 1132 V.
514 1095 572 1132 18.
611 1093 799 1138 articulis,
838 1106 890 1131 sc.
931 1092 1159 1142 digitorum.

427 1159 475 1197 V.
504 1160 564 1197 20.
591 1158 754 1203 Prostat,
784 1162 827 1195 ut
857 1157 1045 1195 meretrix
1071 1157 1111 1194 in
1140 1156 1335 1206 lupanari.
1367 1179 1410 1183 —
1440 1169 1508 1208 pro
1536 1156 1724 1195 meretrice
1751 1156 1862 1202 sedet,

377 1223 601 1262 meretrices
633 1223 673 1260 in
706 1222 887 1273 lupanari
920 1222 961 1259 in
995 1222 1077 1259 alta
1111 1221 1205 1259 sella
1238 1221 1374 1259 sedere
1405 1221 1601 1267 solebant,
1635 1224 1680 1259 ut
1714 1233 1737 1259 a
1768 1220 1864 1259 viris

376 1289 544 1339 lupanar
587 1287 940 1337 frequentantibus
984 1286 1321 1337 conspicerentur;
1365 1286 1415 1325 cf.
1461 1285 1601 1324 Iuven.
1648 1286 1726 1324 III.
1773 1286 1863 1334 134;

373 1357 434 1391 «at
467 1358 524 1398 tu,
559 1352 657 1391 Cum
689 1352 762 1390 tibi
795 1351 931 1389 vestiti
963 1351 1084 1390 facies
1116 1351 1235 1390 scorti
1269 1351 1411 1401 placet,
1443 1351 1579 1396 haeres,
1614 1351 1667 1389 Et
1701 1350 1864 1390 dubitas

379 1417 460 1456 alta
492 1417 666 1456 Chionen
697 1417 890 1455 deducere
919 1416 1040 1454 sella».

426 1482 474 1520 V.
503 1484 564 1520 24.
593 1482 768 1533 proxima
797 1495 963 1533 qnoeque,
992 1481 1017 1519 i.
1048 1494 1079 1519 e.
1109 1480 1258 1519 amicos
1287 1480 1502 1531 proximos.

426 1547 474 1585 V.
501 1548 561 1585 30.
592 1547 669 1586 Vise
692 1547 767 1585 duo
791 1546 954 1597 proiecto
990 1550 1103 1584 tresve
1138 1545 1282 1584 tulistis
1305 1558 1427 1597 opem,
1453 1546 1502 1584 cf.
1531 1545 1648 1583 Trist.
1677 1545 1708 1583 Ι.
1735 1547 1771 1591 5,
1797 1546 1862 1583 34:

374 1611 470 1650 «Vix
496 1612 574 1650 duo
600 1616 730 1649 tresve
757 1611 852 1649 mihi
880 1611 928 1649 de
953 1615 1014 1649 tot
1040 1610 1254 1661 superestis
1281 1610 1424 1649 amici».

427 1676 473 1714 V.
506 1678 566 1714 39.
600 1676 699 1713 lasso
730 1676 891 1726 (Iiyitwn
921 1689 1137 1728 supponere
1169 1680 1304 1721 mento,
1336 1688 1388 1714 sc.
1419 1674 1592 1713 hominis
1623 1688 1715 1713 cum
1746 1673 1863 1712 undis

376 1740 670 1786 luctantisgcf.
709 1741 888 1791 Propert.
916 1741 992 1779 HI.
1030 1743 1065 1787 7,
1103 1741 1167 1779 69:
1201 1740 1298 1779 «Vos
1335 1739 1468 1778 decuit
1503 1739 1606 1778 lasso
1641 1751 1865 1790 supponere

377 1805 559 1844 bracchia
592 1810 743 1843 mento»
772 1810 809 1843 et
843 1805 945 1843 infra
977 1805 1052 1845 Ov.
1083 1805 1147 1843 Ex
1177 1805 1294 1843 Pont.
1327 1805 1381 1843 Π.
1414 1806 1449 1850 6,
1482 1805 1544 1843 13;
1573 1803 1784 1843 «Bracchia
1814 1804 1866 1842 da

377 1870 481 1908 lasso
515 1871 647 1920 potius
681 1871 909 1920 prendenda
944 1870 1120 1908 natanti:
1157 1870 1238 1909 Nec
1272 1869 1404 1920 pigeat
1439 1873 1576 1907 mento
1609 1867 1864 1920 supposuisse

376 1948 568 1973 manum».

429 2000 475 2037 V.
514 2003 574 2038 41.
616 2000 813 2045 Aeacides,
853 1999 1036 2045 Achilles,
1076 1999 1193 2038 Aeaci
1230 2012 1365 2049 nepos.
1409 2022 1450 2026 —
1489 1999 1627 2045 amico,
1665 1998 1864 2044 Patroclo,

379 2064 440 2103 cui
476 2071 633 2102 mortuo
668 2065 924 2113 magnificum
958 2066 1076 2103 funus
1111 2064 1269 2114 paravit
1306 2064 1488 2103 Achilles.

428 2129 474 2167 V.
499 2131 559 2167 43.
580 2129 812 2175 Pirithown,
836 2131 885 2168 cf.
910 2130 960 2167 ad
985 2129 1102 2167 Trist.
1129 2129 1159 2167 I.
1188 2132 1223 2175 5,
1247 2131 1411 2168 21-22.
1440 2152 1481 2156 —
1506 2128 1663 2178 furoris,
1687 2127 1864 2166 insaniae.

428 2193 476 2231 V.
503 2196 562 2232 56.
588 2195 725 2233 stantis
752 2195 791 2233 in
816 2195 898 2233 orbe
923 2195 1012 2239 dece,
1038 2194 1242 2239 Fortunae;
1268 2194 1318 2232 cf.
1345 2194 1395 2232 ad
1421 2193 1538 2231 Trist.
1565 2193 1611 2231 V.
1637 2194 1674 2239 8,
1700 2193 1812 2232 7—8.

429 2258 476 2296 V.
508 2260 568 2297 60.
602 2259 729 2304 ruina,
761 2260 810 2298 cf.
843 2259 894 2297 ad
925 2259 1042 2297 Trist.
1075 2258 1128 2297 Π.
1160 2260 1323 2297 83-84.

428 2323 475 2360 V.
505 2324 565 2361 61.
594 2324 659 2362 Ira
687 2324 835 2375 quidem
864 2324 989 2375 primo
1015 2324 1139 2374 fuerat
1165 2328 1231 2368 ma.
1256 2323 1371 2369 iusta,
1398 2322 1422 2360 i.
1451 2336 1482 2361 e.
1510 2322 1710 2361 Maximus
1737 2321 1865 2373 primo

378 2390 558 2438 tempore
581 2388 826 2426 irascebatur
851 2388 1009 2434 Ovidio,
1035 2389 1145 2438 quod
1169 2388 1232 2425 ille
1256 2388 1370 2439 culpa
1396 2400 1466 2426 sua
1492 2388 1718 2437 Augustum
1741 2387 1866 2426 offen-

379 2451 513 2490 disset.
556 2475 597 2480 —
639 2453 734 2503 ipso,
772 2467 824 2492 sc.
864 2454 1057 2503 Augusto.

428 2516 475 2554 V.
502 2518 561 2554 63.
587 2518 690 2556 dolor
714 2523 841 2569 pec-lus
865 2518 1040 2567 tetiqisset
1063 2518 1231 2557 Caesarz's
1254 2517 1336 2562 alti,
1363 2518 1411 2556 cf.
1437 2530 1557 2567 supra
1582 2517 1632 2555 ad
1658 2516 1713 2555 II.
1741 2518 1778 2562 2,
1804 2517 1864 2554 59.

430 2580 476 2618 V.
504 2582 564 2619 66.
591 2582 740 2627 erratis,
768 2584 817 2621 cf.
845 2583 894 2620 acl
922 2583 1039 2621 Trist.
1068 2583 1100 2621 I.
1127 2584 1163 2628 2,
1189 2584 1250 2621 99.

428 2645 476 2683 V.
496 2647 556 2684 ΤΟ.
579 2646 678 2685 Ante
696 2651 778 2685 tuos
795 2652 910 2692 ortus,
930 2647 1100 2687 Ovidius
1119 2647 1223 2685 enim
1241 2647 1370 2686 cultor
1389 2646 1463 2685 fuit
1482 2646 1674 2685 Messallae
1693 2644 1865 2691 Corvini,

378 2714 597 2760 antequam
632 2711 831 2750 Maximus
865 2717 984 2750 natus
1019 2716 1136 2751 esset.
