1990 3271
1531 299 1575 333 43

141 430 190 469 V.
220 431 384 468 53—54.
427 427 614 478 Orpheus,
658 430 773 464 vates
816 424 1020 463 fabulosus
1063 423 1252 462 Thraeiae.
1299 445 1340 449 —
1387 421 1575 468 Bistonis,

91 496 144 535 cf.
169 495 220 533 ad
247 493 367 532 Trist.
395 493 427 531 I.
456 494 516 537 10,
543 493 707 530 23-24.

142 560 189 598 V.
220 559 383 597 55-56.
420 570 529 596 arma
563 557 733 600 Sumere,
771 555 818 593 de
853 554 969 592 rebus
1017 552 1163 591 bellicis
1200 552 1335 603 Cotyis
1370 553 1420 591 cf.
1456 564 1577 602 supra

92 624 124 664 I.
152 626 190 670 8,
217 625 379 662 11—20.
405 627 445 661 et
472 622 564 660 adn.
590 621 640 659 ad
666 621 706 659 h.
733 620 757 657 l.

142 689 190 728 V.
221 689 383 727 59-60.
419 686 561 726 studiis
704 683 888 736 paterni&
926 682 1089 728 bellicis;
1126 682 1268 720 alludit
1304 682 1354 719 ad
1390 682 1577 720 Rhoeme-

92 754 237 799 talcen,
264 756 418 804 patrem
445 750 593 802 Cotyis,
628 763 759 800 regem
794 748 970 787 Thraciae
1006 747 1254 792 bellicosum;
1289 747 1338 786 cf.
1373 759 1492 797 supra
1526 745 1576 784 ad

91 831 151 858 vs.
181 820 243 857 38.
275 840 318 844 —
347 816 431 855 suis
456 815 644 860 numeris,
673 814 826 859 officiis,
855 813 1103 858 muneribus;
1132 813 1182 851 cf.
1212 812 1286 851 Ov.
1316 812 1404 850 Am.
1436 811 1512 850 III.
1540 812 1577 856 7,

93 884 259 923 17—18:
282 882 397 930 «Quae
423 881 522 919 mihi
548 884 718 919 ventura
746 884 818 923 est,
845 878 1042 928 siquidem
1067 881 1251 922 ventura,
1272 880 1467 922 senectus,
1488 888 1578 915 cum

93 948 196 988 desit
220 946 395 986 numeris
420 946 507 997 ipsa
531 946 695 984 iuventa
721 944 844 983 suis?»

143 1013 191 1051 V.
221 1013 283 1051 61.
308 1011 458 1057 Pieria,
482 1011 645 1055 Musaea,
670 1009 842 1060 poetica;
866 1009 915 1047 cf.
940 1008 991 1046 ad
1015 1008 1132 1046 Trist.
1159 1007 1236 1046 ΠΙ.
1260 1008 1296 1051 2,
1321 1007 1357 1044 3.

143 1078 191 1117 V.
221 1079 281 1116 64.
309 1076 493 1115 Eiusdem
521 1075 634 1121 sacri,
664 1087 841 1125 poeseos:
869 1078 996 1124 poetae
1021 1072 1139 1118 enim,
1165 1086 1255 1111 cum
1283 1071 1459 1110 carmina
1487 1069 1578 1110 seri-

92 1144 209 1188 bunt,
238 1142 360 1180 Musis
389 1154 501 1180 saera
529 1141 658 1179 facere
686 1140 888 1177 videntur.
924 1161 929 1165 -

144 1208 192 1246 V.
222 1208 385 1247 69—70.
418 1206 670 1245 subiecta...
704 1204 851 1249 tabella,
884 1203 925 1241 in
957 1203 1095 1241 tabula
1130 1201 1364 1241 testamenti
1397 1200 1499 1239 falsi.
1536 1222 1578 1227 —

94 1272 201 1319 linis,
231 1272 377 1322 quibus
406 1271 554 1310 tabulae
579 1269 812 1309 testamenti
841 1269 988 1307 vinctae
1017 1271 1144 1307 erant.
1179 1290 1220 1294 —
1251 1271 1393 1312 notam,
1423 1265 1581 1316 signum

93 1351 143 1377 ex
170 1350 272 1376 cera..

143 1403 192 1442 V.
222 1403 284 1443 73.
315 1403 462 1447 Artem,
486 1414 539 1439 sc.
565 1399 828 1439 Amatoriam.

147 1467 195 1506 V.
223 1469 285 1507 78.
312 1466 389 1516 Qui
412 1466 493 1505 m'sz'
516 1466 684 1504 natalem
708 1464 766 1503 nil
790 1463 888 1502 mihi
912 1463 1077 1515 dempsit
1101 1462 1273 1508 hunnum,
1300 1462 1350 1500 ef.
1376 1461 1427 1499 ad
1460 1460 1581 1499 Trist.

98 1532 130 1571 Ι.
151 1535 188 1579 7,
210 1533 246 1572 8.

639 1641 723 1680 [Ab.
750 1641 811 1680 ΙΙ.
837 1640 947 1692 epist.
974 1640 1037 1679 10.

674 1741 748 1784 Ad
777 1740 1000 1784 Macrum.

150 1854 294 1900 Macer,
320 1858 438 1904 poeta
464 1854 597 1904 epicus
625 1855 690 1904 (cf.
710 1853 811 1891 infra
833 1866 891 1890 vs.
918 1852 1096 1901 13—14.)
1123 1856 1161 1889 et
1186 1850 1433 1901 propinquus
1456 1850 1586 1889 tertiae

100 1919 235 1958 Ovidii
261 1919 396 1958 uxoris
425 1920 491 1969 (cf.
518 1919 619 1957 infra
649 1931 708 1956 vs.
738 1919 813 1967 10.)
843 1917 935 1962 fuit,
963 1917 1013 1954 ad
1042 1929 1160 1966 quem
1187 1916 1336 1966 scripta
1363 1919 1421 1953 est
1450 1916 1584 1953 Amor.

101 1984 156 2023 Π.
177 1985 238 2022 18.
256 1988 294 2022 et
312 1985 481 2023 fortasse
498 1984 621 2023 etiam
639 1983 757 2021 Trist.
777 1983 808 2021 Ι.
827 1984 862 2021 S.
881 1982 997 2020 Multi
1014 1982 1119 2020 hunc·
1136 1981 1315 2019 Macrum
1332 1979 1586 2030 suspicantur

99 2049 269 2088 eundem
305 2062 388 2087 esse
423 2053 546 2098 atque
593 2048 829 2098 Pompeium
863 2047 1056 2092 Macrum,
1093 2046 1141 2084 de
1177 2059 1255 2095 quo
1289 2046 1452 2085 Sueton.
1490 2044 1583 2083 Caes.

99 2115 164 2153 56:
178 2114 401 2164 «August-us
415 2114 456 2152 in
472 2114 641 2164 epistula
663 2145 670 2152 .
691 2145 698 2151 .
721 2144 727 2151 .
746 2113 795 2151 ad
811 2112 1047 2163 Pompeium
1061 2111 1253 2157 Macrum,
1269 2110 1330 2149 cm·
1345 2109 1587 2149 ordinandas

98 2179 366 2218 bibliothecas
394 2179 674 2229 delegaverat».

149 2244 198 2283 V.
229 2246 264 2282 1.
298 2244 478 2295 imaqine,
513 2244 644 2294 imago
678 2256 843 2293 gemmae
877 2241 985 2280 anuli
1020 2241 1227 2291 signatorii
1259 2240 1382 2279 ineisa
1417 2243 1456 2278 et
1490 2251 1587 2278 eerae

96 2308 303 2360 impressa.
334 2332 376 2336 —
404 2322 510 2355 ceroe,
537 2322 614 2359 qua
640 2309 786 2347 litterae
810 2307 1140 2357 obsignabantur.

151 2373 199 2412 V.
228 2376 265 2413 7.
282 2387 520 2426 yemmoeque,
539 2387 694 2424 gemma
715 2373 823 2411 anuli
842 2372 1062 2423 signatorii.
1084 2394 1127 2398 —
1148 2383 1371 2422 numusque,
1390 2369 1587 2420 scriptura

100 2438 247 2478 Ovidii.

150 2503 199 2542 V.
230 2505 290 2542 10.
311 2517 395 2542 mea
416 2505 515 2556 quod
534 2504 704 2543 coniunx
724 2517 798 2542 vnon
831 2503 958 2541 aliena
981 2501 1062 2548 tibi,
1086 2515 1185 2540 uxor
1207 2500 1341 2541 Ovidii
1363 2499 1587 2551 propinqua.

102 2570 304 2619 (cognata)
331 2569 456 2608 Macri
481 2569 601 2608 fuisse
626 2569 801 2607 videtur.

151 2633 200 2671 V.
231 2635 393 2672 11—12.
416 2634 570 2679 studiis,
593 2647 646 2672 se.
671 2633 850 2684 poeticis.
877 2656 919 2659 —
946 2633 1051 2678 Arte,
1073 2645 1126 2670 sc.
1151 2630 1371 2669 Amatoria.

152 2697 200 2736 V.
231 2699 392 2737 13—14.
427 2699 488 2737 Tu
511 2699 620 2738 canis
649 2703 787 2737 aeterno
817 2697 1005 2749 quidquid
1034 2696 1194 2735 restabat
1220 2696 1400 2740 Homero,
1431 2693 1588 2744 scripsit

101 2763 208 2801 enim
230 2763 363 2802 Macer
387 2763 710 2809 Antehomerioa,
734 2763 759 2801 i.
787 2776 819 2801 e.
843 2762 1051 2801 historiam
1075 2761 1166 2799 belli
1191 2760 1348 2799 Troiani
1373 2764 1467 2798 ante
1488 2758 1589 2796 iram
