2188 3524
437 955 544 1008 AD
582 955 901 1008 LIBRUM
939 954 1281 1008 PRIMUM.

666 1140 753 1180 Lib.
787 1140 826 1179 Ι.
860 1139 974 1192 epist.
1007 1139 1046 1178 1.

698 1258 772 1301 Ad
802 1258 1017 1303 Brutum.

165 1395 332 1435 Ovidius
358 1398 438 1434 tres
464 1395 612 1446 primos
639 1395 916 1446 Epistularum
943 1408 991 1433 ex
1017 1395 1147 1433 Ponto
1174 1394 1295 1433 libros
1322 1393 1479 1444 scripsit
1507 1407 1601 1431 ann.

114 1461 242 1512 12s13.
272 1474 310 1511 p.
343 1460 431 1499 Chr.
460 1473 499 1498 n.
530 1473 689 1510 unaque
718 1460 857 1498 edidit.
889 1461 1034 1499 Totam
1062 1459 1239 1510 syllogen
1270 1459 1397 1497 Bruto
1426 1458 1600 1504 cuidam,

111 1525 240 1564 amico
266 1537 336 1563 suo
362 1524 476 1563 nobis
503 1525 662 1563 aliunde
687 1538 767 1563 non
793 1529 902 1571 not0,
930 1524 1079 1563 oratori
1106 1528 1144 1563 et
1171 1523 1374 1563 causidico
1402 1524 1506 1562 bono
1535 1524 1601 1573 (cf.

114 1589 184 1629 IV.
218 1590 253 1635 6,
286 1591 347 1628 29.
380 1590 482 1641 sqq.)
518 1589 733 1636 dedicavit,
767 1603 889 1640 quare
920 1603 999 1629 non
1032 1590 1161 1628 solum
1190 1588 1231 1626 in
1262 1589 1335 1627 hac
1368 1588 1603 1639 praefatione

110 1655 159 1706 (Ι.
181 1654 247 1705 1.),
269 1655 338 1693 sod
363 1654 485 1693 etiam
507 1654 549 1692 in
573 1654 725 1705 opilogo
751 1655 874 1693 trium
898 1654 1091 1693 librorum
1115 1654 1212 1705 (HI.
1237 1655 1290 1704 9.)
1318 1667 1409 1692 euni
1434 1653 1598 1703 alloqui-

108 1722 187 1758 tur.
225 1719 421 1758 Praeterea
453 1720 503 1758 ad
534 1733 626 1758 oum
666 1718 822 1771 scripsit
866 1720 937 1759 IV.
970 1722 1005 1758 6.
1039 1719 1231 1758 Nonnulli
1262 1718 1385 1757 otiam
1416 1718 1534 1757 Trist.
1568 1719 1599 1757 I.

110 1787 147 1825 7.
179 1788 218 1823 et
247 1784 324 1823 III.
355 1787 414 1823 14.
445 1785 496 1822 ad
525 1798 617 1823 eum
644 1785 811 1836 scriptas
841 1798 925 1823 esso
953 1788 1117 1835 putant.

162 1849 210 1888 V.
240 1851 352 1888 1—2.
388 1850 684 1888 Tomitanae...
718 1854 836 1896 terroe,
870 1850 920 1888 of.
955 1850 1046 1887 adn.
1081 1849 1131 1887 ad
1166 1849 1284 1887 Trist.
1320 1849 1350 1887 I.
1386 1850 1422 1894 2,
1457 1850 1518 1887 85.
1556 1871 1599 1876 —

114 1914 238 1954 Getico
264 1914 383 1960 litore,
410 1916 459 1952 of.
486 1915 536 1952 ad
562 1914 678 1953 Trist.
706 1915 782 1953 ΠΙ.
808 1916 844 1960 3,
871 1916 906 1952 6.

163 1979 210 2017 V.
241 1982 275 2017 5.
298 1979 461 2018 Publica
479 2007 488 2017 .
508 2010 515 2016 .
536 2009 543 2017 .
572 1979 816 2025 monimenta,
844 1979 1092 2018 bibliothecae
1117 1978 1301 2029 publicae3
1326 1980 1376 2017 cf.
1405 1978 1455 2016 ad
1481 1978 1600 2017 Trist.

114 2044 190 2083 III.
220 2045 254 2089 1,
282 2045 343 2083 67.

165 2109 212 2147 V.
242 2111 278 2148 7.
302 2108 363 2147 πᾶ
385 2113 494 2160 turpe
518 2109 669 2154 docetis,
695 2112 741 2147 ut
767 2110 839 2147 Ars
865 2108 1084 2147 Amatoria.

163 2173 211 2211 V.
242 2175 302 2212 10.
331 2174 400 2212 sub
429 2173 505 2212 lare
533 2174 694 2225 privato,
722 2173 763 2212 in
792 2174 910 2213 domo
938 2174 1110 2224 privata.

163 2238 210 2276 V.
240 2240 301 2277 12.
323 2237 408 2288 Qua
427 2242 601 2277 steterant
623 2239 746 2285 Artes,
768 2252 859 2290 pars
879 2243 985 2277 vacat
1003 2238 1074 2276 ma
1094 2238 1175 2284 tibi,
1196 2238 1221 2275 i.
1243 2251 1274 2276 e.
1296 2237 1337 2275 in
1357 2237 1601 2276 bibliotheca

112 2305 184 2342 tua
213 2306 333 2342 vacat
365 2303 486 2349 locus,
520 2303 587 2341 ubi
620 2303 715 2341 olim
747 2305 820 2342 Ars
854 2303 1061 2342 Amatoria
1093 2306 1278 2349 steterat;
1311 2303 1361 2341 ef.
1395 2303 1446 2340 ad
1479 2302 1597 2340 Trist.

114 2368 190 2407 III.
221 2370 282 2414 14,
312 2370 373 2407 17.
1520 2367 1523 2370 ’

164 2433 213 2471 V.
242 2434 302 2471 13.
325 2432 427 2482 Quid
445 2433 611 2479 veniant,
632 2433 885 2472 scribendum
905 2433 1055 2484 potius:
1076 2433 1143 2485 qui
1161 2433 1339 2478 veniant,
1362 2432 1386 2470 i.
1408 2446 1441 2470 e.
1464 2432 1600 2482 quales

115 2496 231 2536 libri?
256 2520 299 2525 —
323 2497 487 2537 ‘novitate
506 2529 514 2536 .
535 2529 542 2536 .
563 2528 570 2535 .
595 2499 664 2537 sub
687 2498 788 2550 ipsa,
814 2498 997 2537 novitate
1019 2498 1074 2536 rei
1097 2502 1316 2548 permotus.

165 2562 212 2601 V.
242 2563 302 2601 15.
325 2563 557 2601 miserabilis
578 2562 705 2609 indesc,
729 2563 855 2601 tristis
878 2563 1036 2608 titulus;
1060 2563 1203 2601 alludit
1228 2563 1278 2600 ad
1300 2562 1601 2612 inscriptionem

115 2625 316 2665 Tristium.
341 2651 384 2655 —
405 2627 472 2667 z'llo
491 2658 500 2665 .
519 2659 526 2665 .
548 2658 555 2665 .
576 2629 674 2680 quod
693 2633 778 2667 ante
798 2628 896 2673 dedi,
917 2628 1178 2678 cogitandum
1200 2628 1247 2665 de
1266 2627 1376 2665 libris
1397 2626 1598 2665 Tristium.

165 2691 212 2729 V.
242 2691 302 2730 18.
335 2693 427 2731 Non
458 2693 637 2732 occultato
669 2694 836 2738 novusne,
870 2706 965 2731 nam
995 2692 1037 2730 in
1068 2692 1178 2731 libris
1212 2692 1403 2730 Tristium
1437 2691 1597 2736 amicos,

115 2755 167 2794 ad
203 2767 301 2805 quos
336 2755 489 2795 litteras
526 2757 646 2803 misit,
683 2758 863 2796 nondum
898 2757 1138 2803 nominavit,
1177 2770 1226 2795 ne
1263 2756 1437 2795 amicitia
1475 2756 1600 2794 exulis

115 2819 162 2859 iis
185 2823 360 2866 noceret3
385 2822 434 2860 cf.
461 2822 512 2860 ad
537 2822 653 2861 Trist.
680 2822 757 2861 ΠΙ.
783 2825 819 2868 4,
845 2824 906 2861 65.
