1990 3271
387 275 432 310 70

434 398 482 437 V.
512 400 573 437 51.
605 398 745 448 serunt,
777 399 965 437 tolerant.
1002 421 1045 425 —
1078 398 1235 449 seriptis
1269 397 1559 448 Ayamemnona
1589 397 1705 444 nosti,
1737 409 1792 436 sc.
1825 411 1875 437 ex

385 462 511 503 Iliade
532 463 715 509 Homeri;
738 464 787 503 cf.
811 463 910 502 Hor.
935 463 1064 502 Carm.
1089 463 1158 501 IV.
1182 464 1218 508 9,
1241 464 1305 501 25:
1326 462 1487 500 «Vixere
1508 463 1631 500 fortes
1653 466 1749 500 ante
1770 463 1872 514 Aga-

384 541 596 567 memnona
636 528 767 574 Multi,
804 529 872 567 sed
910 541 1047 567 omnes
1085 527 1392 566 inlacrimabiles
1429 527 1633 576 Frgentur
1667 527 1875 578 ignotique

385 593 502 643 longa
529 593 670 639 Nocte,
696 597 833 632 carent
859 593 950 643 quia
977 597 1072 631 vate
1096 605 1236 632 sacro».

437 657 485 696 V.
515 659 577 696 53.
603 658 748 696 Thebas
766 662 981 710 septemque
999 658 1125 703 duces,
1145 662 1301 708 septem
1321 657 1440 696 duces
1461 657 1616 695 Thebas
1640 669 1874 707 oppugnan-

386 727 461 768 tes,
483 729 766 772 argumentum
787 722 1010 761 carminum
1031 723 1246 773 epicorum,
1269 735 1357 772 quae
1378 722 1630 760 vocabantur
1652 721 1874 761 Thebaides.

438 787 486 825 V.
517 789 680 826 57—58.
718 787 856 827 Chaos.
896 787 1002 825 unde
1039 787 1200 825 initium
1239 787 1403 838 capiunt
1444 786 1670 836 Theogonia
1707 786 1874 826 Hesiodi

386 856 426 891 et
449 852 790 902 Metamorph‹;›ses
814 851 963 890 Ovidii.
989 874 1033 878 —
1056 864 1101 890 ex
1122 852 1190 890 illa
1213 856 1362 890 naturoe
1383 852 1478 890 mole
1498 851 1642 903 prioris
1662 851 1875 903 Diyestum,

387 916 437 956 of.
458 916 533 955 Ov.
553 916 648 954 Met.
667 916 697 954 I.
714 920 751 954 5:
768 917 891 954 «Ante
910 929 1018 954 mare
1036 921 1075 954 et
1095 920 1220 955 terras
1239 920 1291 961 et,
1311 916 1417 966 quod
1437 917 1537 967 tegit
1555 916 1702 962 onmia,
1721 917 1874 963 caelum,

388 980 502 1020 Unus
528 987 612 1019 erat
639 986 726 1020 toto
750 986 906 1019 naturae
930 981 1067 1019 vultus
1091 981 1131 1019 in
1156 981 1263 1027 orbe,
1290 981 1416 1028 Quem
1441 981 1574 1019 dixere
1599 981 1741 1020 Chaos:
1765 981 1875 1020 rudis

387 1046 667 1096 indigestaque
694 1046 843 1084 moles».
875 1069 917 1073 —
946 1050 1100 1097 partes.
1123 1077 1130 1084 .
1152 1045 1309 1084 .habere
1334 1059 1439 1092 suas,
1466 1046 1490 1084 i.
1519 1059 1551 1084 e.
1579 1059 1627 1085 ex
1654 1046 1760 1086 Cha-0
1785 1051 1876 1085 orta

387 1115 481 1149 sunt
504 1111 656 1156 caelum.
679 1115 798 1156 terra,
821 1124 923 1161 aqua
947 1114 986 1149 et
1007 1117 1089 1156 aen
1112 1112 1162 1149 cf.
1186 1111 1261 1150 ΟΥ.
1283 1111 1378 1149 Met.
1402 1111 1434 1149 I.
1456 1112 1517 1149 21.
1539 1123 1626 1161 sqq.

440 1175 487 1213 V.
517 1177 681 1214 59—60.
704 1176 934 1225 adfectantes
955 1176 1116 1215 coelestia
1139 1189 1250 1227 regna
1273 1176 1464 1227 Gigantes,
1488 1176 1635 1214 bellum
1657 1175 1875 1226 Gigantum

389 1245 528 1279 contra
573 1241 680 1279 deos
723 1246 1006 1291 argumentum
1048 1241 1269 1279 carminum
1311 1241 1526 1291 epicorum,
1569 1254 1657 1291 quae
1697 1241 1876 1293 Giya‘nto-

388 1305 551 1344 maohiae
582 1306 847 1344 vocabantur.
884 1329 926 1332 —
963 1306 1028 1344 Ad
1059 1306 1173 1357 Styqa
1206 1306 1410 1355 nimbifero
1440 1306 1608 1345 mizdicis
1638 1306 1724 1357 ique
1755 1306 1877 1354 datos,

391 1370 576 1420 Iuppiter
600 1370 789 1420 Gigantes
814 1371 980 1409 fulmine
1004 1371 1145 1410 deiecit
1169 1371 1219 1409 ad
1242 1371 1401 1410 inferos.

442 1435 488 1473 V.
520 1437 683 1474 61—62.
712 1436 826 1474 Liber
853 1436 899 1474 ab
927 1436 1054 1481 Indis,
1084 1437 1134 1474 cf.
1164 1436 1215 1474 ad
1245 1436 1363 1474 Trist.
1392 1436 1439 1474 V.
1469 1437 1505 1481 3,
1534 1438 1698 1475 23—24.
1729 1459 1774 1464 —
1805 1436 1875 1475 Al-

389 1499 491 1539 cides
510 1531 517 1538 .
539 1531 546 1538 .
568 1531 575 1538 .
594 1500 640 1538 ab
681 1500 872 1546 Oechalia,
914 1501 1118 1546 Hercules,
1161 1501 1268 1540 Alcei
1307 1514 1444 1551 nepos,
1485 1501 1590 1552 cepit
1631 1501 1875 1548 Oechaliam,

391 1565 601 1604 Thessaliae
639 1566 778 1604 urbem
816 1566 1031 1616 rapuitque
1069 1566 1190 1604 filiam
1229 1566 1374 1616 Euryti
1411 1566 1525 1616 regis,
1565 1566 1687 1606 Iolen.
1727 1566 1784 1606 Cf.
1823 1567 1875 1606 ad

391 1630 510 1668 Trist.
539 1631 593 1669 II.
621 1633 836 1669 405—406.

441 1695 488 1733 V.
518 1696 682 1734 63—64.
722 1709 848 1742 arum,
889 1697 1129 1745 Augustum.
1173 1719 1215 1722 —
1255 1709 1365 1747 quem
1400 1696 1522 1735 virtus
1559 1696 1711 1736 addidit
1746 1697 1875 1743 astris,

390 1760 596 1809 Augustus
627 1774 690 1798 an.
723 1763 782 1799 14.
812 1775 850 1811 p.
882 1761 970 1800 Chr.
996 1774 1035 1799 n.
1061 1765 1244 1800 mortuus
1272 1761 1456 1811 interque
1485 1761 1578 1800 deos
1605 1761 1754 1800 relatus
1780 1761 1880 1800 Divi

388 1838 534 1863 nomen
558 1826 724 1876 accepit.
750 1848 792 1852 —
817 1826 947 1871 astris,
970 1826 1077 1872 caelo,
1100 1826 1187 1864 diis.
1213 1849 1256 1853 —
1279 1826 1504 1872 Saerarunt,
1526 1830 1737 1876 tamquam
1757 1826 1879 1866 deum

390 1890 585 1929 fecerunt.
628 1913 667 1918 —
705 1891 893 1936 carmina,
931 1895 1072 1941 poetae,
1109 1891 1176 1941 qui
1219 1892 1446 1941 Augustum
1485 1891 1626 1929 vivum
1666 1895 1879 1942 tamquam

390 1959 627 2005 praesentem
654 1956 773 1994 deum
798 1956 1068 1994 celebrabant.

441 2019 488 2058 V.
522 2021 584 2059 67.
608 2025 723 2066 vates,
748 2021 796 2059 de
821 2021 1056 2060 Germanico
1080 2024 1199 2072 poeta
1225 2022 1274 2060 cf.
1299 2022 1391 2060 adn.
1415 2021 1466 2059 ad
1491 2021 1545 2060 II.
1570 2023 1605 2060 1.

441 2084 488 2123 V.
518 2087 579 2124 ΤΟ.
604 2085 821 2132 Pieridum,
846 2086 1069 2132 Musarum;
1095 2087 1145 2125 cf.
1172 2087 1222 2125 ad
1249 2087 1367 2125 Trist.
1394 2086 1471 2125 III.
1497 2088 1533 2132 2,
1558 2087 1594 2125 3.

441 2149 488 2187 V.
520 2152 581 2189 71.
607 2151 807 2190 materiam
834 2151 956 2198 nobis,
983 2152 1195 2190 materiam
1221 2152 1443 2190 carminum
1468 2151 1608 2202 poetis.

442 2214 488 2253 V.
520 2217 582 2254 73.
613 2215 709 2254 bella
735 2217 846 2267 yeris,
879 2216 1138 2256 Germanicus
1169 2217 1316 2256 bellum
1346 2216 1469 2267 gessit
1499 2216 1539 2254 in
1571 2216 1782 2256 Germania
1811 2230 1877 2257 an.

391 2281 554 2319 14—16.
582 2295 620 2331 p.
649 2281 738 2320 Chr.
764 2295 805 2320 n.
837 2305 879 2309 —
906 2282 1094 2328 numeris,
1121 2283 1315 2321 versibus.

442 2344 490 2383 V.
520 2347 684 2385 75—76.
711 2360 778 2385 nec
803 2347 854 2385 ad
887 2347 1084 2393 eitlwram,
1110 2360 1179 2386 nec
1204 2347 1254 2386 ad
1278 2360 1410 2386 areum
1434 2346 1571 2398 seqnis,
1599 2346 1753 2398 Apollo,
1781 2347 1881 2386 deus

391 2405 640 2462 κιθαρῳδὸς
672 2416 711 2449 et
745 2405 937 2466 τοξότης.
976 2435 1018 2439 -
1052 2425 1190 2451 ‘nervus
1221 2416 1385 2464 uterque,
1417 2412 1443 2450 i.
1477 2425 1510 2450 e.
1543 2412 1656 2450 nervi
1689 2412 1879 2463 (chordae)

390 2473 487 2524 lyrae
515 2479 553 2513 et
580 2489 728 2515 nervus
755 2489 882 2516 arcus.

442 2539 488 2577 V.
518 2542 579 2579 77.
605 2541 716 2587 docti,
741 2555 797 2581 se.
822 2546 964 2592 poetae.

442 2604 488 2642 V.
519 2606 580 2644 80.
602 2606 755 2657 Unqula
772 2607 956 2658 Gorqowei
970 2619 1083 2659 quam
1100 2620 1191 2646 cava
1205 2606 1293 2656 fecit
1306 2607 1406 2659 equi,
1425 2606 1570 2645 dicitur
1585 2606 1690 2645 enim
1704 2606 1878 2657 Pegasus

390 2670 559 2709 errando
593 2671 643 2709 ad
677 2671 924 2718 Heliconem,
958 2675 1138 2711 montem
1171 2671 1351 2718 Boeotiae,
1384 2672 1610 2723 pervenisse
1639 2671 1780 2722 ibique
1811 2670 1877 2710 siti

366 2737 370 2740 ’
390 2746 602 2784 oppressus
625 2737 773 2786 ungula-
796 2737 956 2784 fodisse,
980 2750 1029 2776 ex
1050 2750 1129 2787 quo
1151 2737 1238 2776 loco
1260 2738 1348 2776 fons
1371 2736 1502 2776 editus
1524 2737 1576 2776 sit
1598 2736 1720 2776 Musis
1743 2748 1878 2776 eonse-
