1990 3271
1529 327 1574 360 35

136 449 185 488 V.
210 448 377 487 73—74.
402 451 523 486 vestra
547 447 682 485 domus
706 446 843 485 teneris
867 446 965 485 mihi
988 460 1136 499 semper
1159 446 1205 485 ab
1229 448 1347 487 annis
1368 448 1496 494 Culta,
1523 449 1573 488 cf.

88 513 139 552 ad
162 511 194 551 I.
216 514 252 558 7,
275 512 438 551 27-28.
466 534 508 539 -
531 511 656 557 Gutta,
681 512 730 550 cf.
755 511 787 549 I.
810 513 846 556 2,
872 512 957 549 131.

136 577 184 617 V.
209 577 373 616 75—76.
397 575 522 614 Latiae
543 575 730 625 facundia
753 575 907 626 linquae,
931 576 981 614 ef.
1006 576 1056 613 ad
1082 576 1136 614 Π.
1160 577 1197 622 2,
1222 578 1281 614 51.
1311 600 1352 604 -
1380 576 1474 626 Quoe
1495 591 1575 618 non

84 641 248 692 imserior
266 640 462 680 nobilitate
481 641 570 690 luit,
592 640 642 679 cf.
665 641 715 678 ad
738 639 857 678 Trist.
883 640 950 679 IV.
974 642 1010 686 4,
1034 643 1068 678 5.
1092 644 1130 678 et,
1152 641 1315 679 31—32.

136 706 183 745 V.
217 708 380 745 77—78.
413 709 455 744 ut
485 705 664 743 auderem
693 704 920 743 committere
951 705 1126 743 earmina
1158 704 1285 753 famae,
1319 705 1344 743 i.
1378 719 1410 744 e.
1445 707 1573 753 edere,

86 770 234 823 publici
256 769 350 810 iuris
374 770 515 808 facere.
543 792 586 796 —
609 769 758 820 ‘ingenii
781 769 860 808 dua:
881 769 957 819 fuit
978 769 1043 808 ille
1065 769 1153 815 mei,
1177 770 1226 808 cf.
1249 783 1370 821 supra
1394 770 1425 809 I.
1449 773 1485 817 7,
1510 772 1573 811 28.

85 835 134 874 de
161 835 359 874 Messalla:
391 834 606 873 «Hortator
637 834 761 872 studii
793 847 992 884 causaque
1025 835 1174 884 faxque
1206 835 1311 873 mei».

135 900 182 939 V.
215 901 276 938 80.
306 899 479 949 fratrem,
509 899 778 944 Messalinum,
810 899 860 937 ad
891 912 1009 949 quem
1039 899 1188 950 scripta
1218 903 1276 938 est
1307 913 1424 950 supra
1458 900 1489 939 Ι.
1521 903 1571 947 7.,

89 964 157 1004 ubi
185 965 235 1003 cf.
264 964 357 1002 adn.

135 1029 183 1068 V.
210 1030 271 1068 84.
301 1028 476 1067 Aethalis
501 1029 601 1074 Ilva,
628 1027 754 1067 insula
782 1028 869 1067 Ilva
893 1028 933 1066 in
960 1029 1058 1066 mari
1085 1029 1302 1079 Tyrrheno,
1329 1043 1434 1069 nune
1458 1030 1572 1077 Elba,

84 1093 218 1134 Graeee
242 1093 434 1132 Aethalia.
457 1093 535 1132 Hie
556 1094 818 1132 morabantur
838 1093 1038 1132 Maximus
1060 1097 1098 1131 et
1122 1094 1289 1133 Ovidius
1311 1107 1356 1133 eo
1377 1098 1571 1145 tempore,

82 1171 163 1210 quo
182 1158 299 1208 culpa
319 1158 465 1203 Ovidii,
486 1171 565 1207 qua
586 1158 754 1205 Augusti
773 1158 873 1196 iram
892 1157 933 1196 in
953 1170 993 1196 se
1011 1162 1202 1204 verterat,
1223 1158 1362 1198 Bomae
1381 1159 1572 1198 innotuit.

135 1223 182 1262 V.
209 1224 271 1262 92.
298 1223 466 1269 Error-is,
493 1223 543 1261 of.
571 1223 622 1261 ad
649 1223 767 1261 Trist.
796 1223 827 1261 I.
856 1226 891 1269 5,
919 1224 980 1261 35.
1013 1246 1055 1251 -—
1086 1223 1368 1275 Fomentisque,
1395 1225 1572 1264 consola-

84 1287 278 1327 tionibus.

136 1353 184 1391 V.
217 1353 278 1391 96.
311 1352 527 1404 promerito,
559 1365 612 1391 se.
646 1353 694 1390 de
725 1365 800 1390 me.

136 1417 183 1456 V.
213 1418 275 1456 99.
305 1417 446 1455 altaria
474 1417 638 1468 pinyuia
665 1421 759 1463 ture,
790 1417 837 1455 de
866 1417 1001 1467 pingui
1030 1418 1140 1456 fumo
1168 1418 1268 1456 turis
1297 1418 1572 1467 cogitandum;

83 1482 135 1522 cf.
185 1482 302 1521 Trist.
339 1482 386 1521 V.
430 1485 464 1528 5,
505 1484 568 1520 11:
609 1481 689 1520 «Da
730 1481 828 1520 mihi
869 1485 974 1528 tura,
1018 1496 1130 1533 puer,
1173 1483 1338 1533 pingues
1386 1483 1574 1523 facientia

85 1546 297 1586 flammas».

644 1659 729 1698 [sib.
754 1659 817 1698 ΙΙ.
842 1659 953 1710 epist.
979 1660 1015 1698 4.

662 1758 735 1801 Ad
766 1758 994 1803 Atticum.

138 1869 309 1915 Asticus,
331 1869 465 1908 Ovidii
485 1869 648 1915 amicus,
670 1870 745 1908 fuit
768 1871 936 1909 fortasse
954 1870 1059 1908 idem
1080 1875 1201 1920 atque
1222 1870 1380 1909 Curtius
1401 1870 1572 1916 Atticus,

85 1946 205 1984 eques
238 1934 459 1980 RomanuS,
495 1934 563 1984 qui
596 1938 732 1985 postea
767 1948 897 1973 comes
929 1940 1013 1973 erat
1048 1935 1208 1974 Tiberio
1241 1935 1280 1973 in
1315 1935 1575 1986 Campaniam

86 1998 286 2038 secedenti
313 2011 378 2036 an.
409 2000 470 2037 26.
500 2013 538 2049 p.
569 1999 656 2038 Chr.
685 2013 741 2045 n.;
771 2000 820 2038 cf.
851 2000 901 2038 ad
930 2000 1047 2038 Trist.
1080 2001 1155 2038 III.
1185 2001 1220 2045 6,
1249 2002 1284 2038 S.
1315 2000 1375 2038 Ad
1404 2001 1575 2039 eundem

87 2062 192 2102 infra
218 2063 272 2102 II.
300 2065 337 2103 7.
366 2067 405 2102 et,
433 2064 566 2102 Amor.
597 2064 628 2102 I.
656 2066 691 2102 9.
719 2065 855 2102 Etiam
883 2065 1001 2103 Trist.
1032 2065 1107 2104 III.
1136 2067 1170 2103 6.
1199 2069 1236 2103 et
1266 2065 1312 2102 V.
1341 2067 1376 2102 4.
1405 2065 1456 2102 ad
1483 2078 1574 2104 eum

85 2128 214 2167 missae
242 2128 445 2166 videntur.

135 2193 185 2231 V.
213 2194 249 2232 2.
275 2206 354 2232 ‘non
378 2193 598 2239 dubitande,
625 2194 736 2232 euius
763 2194 859 2232 fides
885 2208 965 2233 non
992 2198 1051 2233 est,
1078 2194 1214 2233 dubia.

137 2257 185 2296 V.
217 2259 277 2296 13.
308 2257 452 2307 sactum
482 2259 588 2297 modo
618 2272 781 2304 carmen,
813 2273 866 2298 se.
898 2259 1048 2299 Ovidii.

90 2340 93 2342 v
137 2322 185 2361 V.
218 2323 279 2361 16.
310 2336 423 2368 curce,
454 2323 597 2373 operis.

136 2386 184 2425 V.
210 2388 270 2426 17.
297 2387 402 2433 lima,
428 2388 478 2425 cf.
502 2400 623 2438 supra
650 2389 699 2426 ad
726 2389 757 2426 I.
784 2392 818 2434 5.
846 2391 904 2427 19.

137 2451 184 2490 V.
216 2453 379 2491 19—20.
409 2453 591 2504 porticus,
623 2454 673 2492 cf.
705 2466 823 2504 supra
856 2455 906 2492 ad
938 2455 970 2493 I.
1001 2456 1036 2499 S,
1068 2455 1232 2492 35—36.
1269 2477 1310 2481 —
1343 2453 1487 2492 iunctis
1508 2484 1514 2491 .
1536 2484 1543 2491 .
1565 2483 1573 2491 .

85 2515 193 2562 loeis,
208 2516 348 2555 vicinis
361 2516 455 2556 locis
474 2518 668 2556 sedentes.
688 2542 728 2545 —
746 2532 858 2557 curva
879 2519 1034 2565 theatra,
1056 2524 1219 2570 propter
1238 2520 1409 2557 formam
1428 2517 1575 2556 circuli.

137 2581 185 2619 V.
223 2582 388 2620 21-22.
430 2582 610 2628 Aeacide,
651 2583 832 2629 Achilles,
875 2584 996 2622 Aeaei
1032 2597 1162 2635 nepos.
1206 2606 1247 2610 —
1289 2583 1575 2635 Nestorideque,

89 2644 338 2691 Antilochus,
376 2646 556 2685 Nestoris
592 2647 708 2693 filius,
745 2649 795 2686 ab
833 2648 983 2687 Achille
1019 2649 1217 2699 praecipue
1253 2652 1425 2686 amatus.
1462 2647 1577 2686 iuxta

88 2709 286 2749 Achillem
327 2710 639 2761 Patroclumque
679 2713 874 2763 sepultus;
917 2714 968 2751 cf.
1011 2713 1132 2752 Hom.
1177 2713 1222 2750 Il.
1266 2712 1428 2751 XXIII.
1473 2714 1576 2750 555:

85 2772 179 2817 δῖος
207 2769 425 2827 Ἀχιλλεὺς
473 2776 637 2828 Χαίρων
670 2773 912 2830 Ἀντιλόχῳ,
955 2769 1021 2816 ὅτι
1054 2777 1092 2816 οἱ
1127 2776 1245 2828 φίλος
1277 2774 1353 2832 ἦεν
1397 2776 1577 2827 ἑταῖρος.

1391 2861 1434 2894 3*
