1990 3271
369 242 413 274 505

424 362 466 399 V.
495 362 556 398 29.
585 358 675 395 [Icus
703 356 878 408 (equoris,
909 356 1134 405 Neptunus.

425 426 465 464 V.
496 424 556 461 33.
583 422 619 460 ῖη
644 434 723 466 nos,
746 421 770 458 i.
794 434 826 459 o.
850 433 948 469 quos
973 420 1099 458 Caesar
1121 433 1237 470 poena
1261 420 1393 470 aliqua
1415 421 1565 460 affecit.

424 491 465 528 V.
496 490 556 526 35.
582 487 722 531 sslartc,
751 486 862 524 bello.

423 556 466 593 V.
495 554 556 592 37.
586 551 732 595 multos,
759 563 811 588 se.
838 549 984 588 exules.

422 620 465 658 V.
495 621 539 656 41
552 618 657 655 „42-
687 615 881 659 Busiride,
908 617 958 653 εἴ.
985 614 1034 652 ad
1063 614 1181 653 Trist..
1209 614 1286 653 ΙΙΙ.
1315 617 1375 661 11,
1401 617 1462 654 39.
1494 638 1536 642 -
1563 615 1674 655 solito
1697 616 1850 656 clausos

364 697 477 723 ‘ui-ere
497 682 537 720 *in
562 695 633 719 (erc
656 680 766 725 ciros,
788 679 983 725 P11ala1·is;
1006 680 1056 717 cf.
1078 680 1129 717 ad
1152 679 1268 718 Trist.
1293 680 1369 719 III.
1395 683 1453 726 11,
1476 682 1537 719 40.

420 749 464 787 V.
494 751 554 785 45.
578 745 703 797 primo
724 744 863 795 scripsi
896 744 979 782 sinc
1012 744 1166 783 nominc
1187 745 1304 791 vobis,
1327 746 1434 795 quod
1457 745 1550 784 fecit
1572 745 1612 784 in
1634 746 1743 785 libris
1767 744 1850 784 Tri·

366 814 502 858 stium,
523 811 589 849 ubi
608 810 755 848 amicos
775 822 974 858 nusquam
992 809 1192 855 n0111inat3
1212 810 1262 848 cf.
1282 811 1333 848 ad
1354 811 1470 849 Trist.
1493 811 1570 849 ΙΙΙ.
1592 813 1627 858 4,
1649 812 1709 850 65.

421 878 462 916 V.
493 878 553 914 50.
578 875 702 919 titulo,
726 873 996 924 inscriptione.

419 942 463 979 V.
494 942 554 978 52.
579 940 624 978 in
646 939 798 984 chamis,
825 938 1019 989 epistulis.
1049 961 1090 965 —
1116 939 1278 978 nomina
1300 953 1402 986 cara,
1427 953 1481 980 sc.
1506 944 1589 979 tua.

418 1006 463 1045 V.
494 1006 554 1043 58.
581 1017 724 1043 mimus
744 1036 751 1042 .
773 1035 780 1042 .
802 1035 809 1042 .
828 1016 968 1050 meum,
995 1017 1153 1042 carmon
1180 1005 1231 1042 ad
1257 1005 1405 1044 amicos
1432 1005 1610 1044 missum.

905 1151 991 1191 [sib.
1020 1152 1103 1191 III.
1130 1152 1241 1204 epist.
1270 1153 1303 1192 7.

958 1251 1032 1295 Ad
1064 1252 1258 1296 amicos.

420 1364 462 1402 V.
493 1364 528 1401 6.
556 1376 580 1401 α
604 1362 755 1409 vinclis,
783 1363 885 1409 linis,
913 1363 1058 1413 quibus
1084 1363 1256 1415 epistula
1281 1364 1419 1403 vincta
1444 1367 1542 1404 erat.

417 1429 462 1467 V.
494 1430 655 1466 11—12.
681 1427 820 1478 yravis,
849 1428 1053 1468 molestus.
1086 1451 1129 1456 —-
1158 1428 1439 1482 cxper'icnsqiae,
1468 1430 1615 1469 audax.

420 1494 462 1532 V.
494 1494 553 1531 13.
582 1493 666 1532 Hoc
691 1506 846 1545 quoquc,
867 1493 988 1539 Naso,
1007 1493 1118 1543 jercs;
1144 1498 1177 1533 ct
1201 1494 1307 1533 enim
1332 1493 1465 1546 peiora
1489 1494 1626 1541 tulisti,
1645 1495 1696 1534 cf.
1723 1495 1848 1536 Hom.

364 1558 438 1598 Od.
465 1557 559 1596 XX.
589 1560 649 1597 18.
677 1561 716 1596 et
742 1558 789 1596 V.
816 1559 905 1597 229:
935 1555 1110 1597 τέτλαθε
1143 1551 1208 1613 δή,
1245 1558 1409 1613 κραδίη,
1434 1559 1504 1598 καὶ
1525 1559 1722 1612 κύντερον
1745 1554 1848 1599 ἄλλο

363 1618 451 1662 ποτ’
487 1619 606 1676 ἔτλης
638 1626 678 1661 et
706 1623 823 1662 Trist.
849 1623 896 1661 V.
924 1625 984 1669 11,
1012 1625 1050 1663 7:
1073 1623 1225 1662 «Perfer
1249 1627 1289 1663 et
1313 1624 1484 1663 obdura!
1511 1625 1638 1664 multo
1664 1624 1850 1676 graviora

363 1687 518 1727 tulisti».

415 1753 460 1792 V.
491 1754 652 1792 19-20.
672 1753 716 1792 ¹in
732 1753 878 1792 Geticos
893 1753 1001 1803 fines,
1019 1754 1069 1792 cf.
1089 1754 1140 1792 ad
1158 1753 1275 1792 Trist.
1295 1753 1372 1793 III.
1391 1756 1426 1801 3,
1445 1755 1482 1793 6.
1505 1777 1546 1782 -
1562 1755 1762 1807 Parcaque
1780 1785 1788 1794 .
1808 1784 1817 1794 .
1837 1784 1847 1794 .

363 1830 459 1864 mea,
482 1830 565 1857 sors
589 1831 690 1856 mea.
719 1841 761 1845 —
785 1817 912 1870 coepit,
935 1831 988 1857 sc.
1012 1818 1080 1858 iro.

415 1883 460 1921 V.
490 1884 552 1921 24.
580 1896 668 1922 vcra
687 1914 694 1921 .
716 1914 723 1921 .
744 1914 752 1922 .
770 1883 855 1933 side,
884 1886 992 1923 certa
1020 1883 1286 1935 persuasione.

415 1948 460 1986 V.
489 1949 651 1987 29—30.
674 1948 877 1999 Scythicis,
899 1949 948 1988 cf.
971 1949 1021 1987 ad
1043 1949 1161 1988 Trist.
1184 1949 1261 1988 III.
1282 1952 1319 1996 4,
1339 1951 1402 1989 46.
1427 1972 1470 1977 -
1491 1954 1592 1989 terra
1611 1949 1850 2003 prosperiore

364 2012 458 2063 frui,
486 2013 536 2052 cf.
563 2013 613 2051 ad
642 2013 672 2051 Ι.
701 2015 735 2060 1,
761 2015 823 2053 79.

416 2077 462 2117 V.
491 2078 552 2116 33.
571 2077 801 2130 repetitaque
817 2079 942 2128 forma
961 2079 1138 2125 locorum,
1157 2079 1183 2117 i.
1203 2093 1236 2118 e.
1255 2079 1428 2131 repetita
1447 2079 1660 2131 descriptio
1678 2079 1848 2131 regionis

364 2141 530 2181 infelicis
557 2143 772 2182 'Pomorum
795 2144 835 2182 in
861 2144 1103 2183 carminibus
1128 2145 1239 2184 meis.

416 2207 460 2246 V.
491 2208 552 2246 38.
569 2208 637 2260 qm]
652 2209 740 2247 dare
755 2209 873 2255 vellet,
889 2214 981 2256 erat,
997 2222 1052 2249 sc.
1070 2211 1287 2260 August-us,
1304 2210 1487 2261 princeps
1503 2209 1848 2250 clementissimus.

416 2272 461 2311 V.
490 2274 551 2311 40.
578 2273 776 2312 Euxinis.
798 2305 805 2312 .
827 2305 834 2312 .
853 2274 977 2326 aquis,
1002 2274 1043 2313 in
1070 2274 1185 2315 litore
1210 2275 1329 2315 Ponti
1354 2274 1518 2314 Euxini.

904 2416 991 2456 Mb.
1015 2417 1104 2457 HI.
1129 2417 1240 2470 epist.
1265 2417 1301 2457 8.

807 2516 880 2559 Ad
911 2516 1105 2560 Fabium
1135 2517 1400 2561 Maximum.

419 2624 479 2663 Ad
500 2625 671 2664 eundem
691 2638 810 2676 supra
834 2626 864 2665 Ι.
887 2629 937 2673 2.,
959 2627 1027 2666 ubi
1048 2629 1098 2667 cf.
1121 2628 1214 2667 adn.

417 2689 463 2727 V.
493 2691 529 2728 2.
559 2689 798 2737 Tomitanus,
825 2692 875 2730 cf.
902 2693 953 2730 ad
980 2692 1098 2731 Trist.
1127 2693 1158 2732 I.
1185 2694 1221 2740 2,
1248 2694 1308 2732 85.
