1990 3271
1508 317 1551 350 67

621 484 706 524 Lib.
733 485 808 525 IV.
834 484 943 537 epist.
973 486 1005 524 7.

634 584 706 627 Ad
736 583 993 628 Vestalem.

122 697 292 736 Vestalis
317 696 419 734 filius
444 696 564 734 fuisse
588 695 748 734 videtur
772 695 824 733 M.
852 696 941 734 Iulii
968 696 1102 741 Cottii,
1127 696 1249 745 reguli
1274 697 1434 747 Alpium
1460 697 1549 736 Cot-

68 762 231 807 tiaru1n‚
252 774 374 811 nepos
398 760 547 805 Donni;
570 761 619 799 cf.
641 760 743 798 infra
768 774 826 799 vs.
850 762 885 798 6.
908 765 946 798 et
969 762 1030 799 29.
1054 766 1093 799 et
1114 761 1413 812 inscriptionem
1435 775 1549 801 arcus

69 826 322 877 triumphalis
360 839 380 863 a
421 825 473 863 M.
514 825 615 864 Iulio
654 825 786 864 Cottio
824 825 863 863 in
903 826 1071 875 Augusti
1110 826 1301 865 honorem
1336 827 1549 876 Segusione

68 893 191 942 (nunc
222 892 347 941 Susa)
383 890 502 929 erecti
535 890 649 940 Corp.
684 890 806 929 Inscr.
839 891 929 928 Lat.
962 891 1009 929 V.
1043 893 1156 930 7231:
1186 891 1257 929 «M.
1291 891 1415 930 Iulius
1446 891 1548 942 regis

70 956 202 995 Donni
228 956 329 994 filius
355 955 537 994 Cot-tius».

120 1021 167 1059 V.
198 1023 232 1059 1.
267 1021 316 1059 Ut
343 1020 480 1072 positis
511 1020 642 1058 reddas
674 1021 757 1058 iura
787 1021 855 1059 sub
883 1034 953 1059 axe
983 1021 1086 1066 locis,
1116 1021 1286 1060 Vestalis
1314 1021 1437 1071 igitur
1465 1034 1547 1060 ma-

66 1086 282 1137 gistratum
322 1086 522 1135 quendam
563 1085 603 1123 in
646 1085 784 1123 Moesia
824 1086 986 1135 gessisse
1027 1086 1200 1125 videtur.
1243 1086 1336 1124 Fuit
1378 1088 1547 1126 fortasse

69 1151 248 1190 adsessor
269 1151 400 1201 legati.
428 1173 469 1177 —
492 1150 561 1188 sub
583 1163 664 1195 axe,
686 1151 760 1188 sub
783 1151 873 1200 polo
894 1151 1197 1201 septentrionali
1220 1151 1315 1190 caeli.

120 1216 167 1255 V.
197 1217 232 1254 3.
258 1215 465 1261 iaceamus,
492 1216 542 1253 cf.
570 1215 620 1253 ad
649 1215 703 1253 Π.
730 1217 766 1260 9,
794 1218 830 1253 4.

120 1281 167 1319 V.
197 1282 232 1319 6.
257 1280 420 1332 Alpinis
438 1279 589 1318 ‘iuvenis
606 1280 754 1330 reqibus
771 1280 898 1325 orte,i.
913 1293 946 1319 e.
970 1280 1072 1319 filius
1096 1281 1230 1327 Cottii,
1253 1294 1374 1331 nepos
1399 1281 1546 1327 Donni,

68 1345 138 1396 qui
162 1347 324 1384 fuerunt
347 1345 470 1395 reguli
494 1345 655 1395 Alpium
680 1345 915 1383 Cottiarum.

120 1411 167 1449 V.
196 1412 308 1450 7—8.
341 1411 522 1455 Pontum,
559 1422 612 1448 sc.
649 1410 867 1448 Euxinum.
908 1433 951 1437 —
988 1410 1110 1461 riqido
1146 1411 1287 1449 stantia
1323 1411 1415 1450 vina
1447 1412 1546 1463 yda,

66 1477 116 1515 cf.
154 1475 271 1514 Trist.
310 1475 386 1513 III.
423 1477 485 1520 20,
522 1476 586 1513 23;
620 1474 838 1524 «Nudaque
875 1475 1100 1514 consistunt
1137 1477 1308 1514 formam
1343 1476 1545 1515 servantia

65 1544 179 1580 testae
204 1540 306 1579 Vina.
331 1553 403 1578 neo
429 1540 574 1578 hausta
600 1539 711 1585 meri,
737 1540 807 1578 sed
834 1540 929 1578 (lata
955 1541 1084 1579 frusta-
1111 1541 1283 1579 bibunt».
1316 1564 1358 1568 —
1386 1541 1545 1588 stantia,

62 1608 263 1646 concreta.

115 1671 164 1710 V.
191 1672 329 1709 9—10.
348 1674 502 1709 onerata
519 1669 623 1718 ferox
640 1673 682 1707 ut
699 1670 810 1708 climat
827 1670 949 1720 Iazyx
962 1670 1039 1709 Per
1055 1671 1202 1710 *medias
1219 1670 1350 1710 Histri
1367 1671 1543 1722 plaustra

65 1735 248 1775 bubulcus
271 1747 403 1786 aquas,
429 1734 479 1773 cf.
506 1734 623 1772 Trist.
650 1734 726 1773 III.
755 1737 814 1780 10,
840 1736 903 1772 33:
926 1735 1096 1785 «Perque
1120 1749 1246 1775 novos
1271 1740 1412 1786 pontes
1443 1737 1482 1787 (i.
1511 1749 1546 1777 e.

65 1813 135 1852 per
163 1799 342 1850 glaciem)
373 1800 511 1837 subter
540 1799 767 1838 labentibus
797 1799 914 1838 undis
946 1800 1108 1839 Ducunt
1136 1801 1345 1841 Sarmatici
1376 1802 1546 1841 barbara

65 1865 246 1917 plaustra
270 1865 420 1903 boves».
451 1887 493 1890 —
520 1864 652 1914 Iazyx,
679 1865 729 1903 cf.
757 1865 788 1903 I.
814 1867 850 1910 2,
877 1866 937 1904 79.

116 1930 163 1968 V.
194 1931 357 1968 11-12.
376 1928 478 1967 mitti
496 1929 564 1967 sub
583 1929 732 1968 adunco
750 1929 874 1968 toxica
891 1930 1003 1979 ferro,
1023 1930 1048 1968 i.
1069 1944 1102 1969 e.
1121 1931 1290 1981 sagittas
1310 1936 1547 1978 venenatas;

64 1996 115 2034 cf.
140 1994 192 2033 ad
216 1994 334 2032 Trist.
359 1994 438 2032 ΠΙ.
464 1995 524 2040 10,
549 1995 610 2032 64.
637 1998 676 2032 et
700 1994 747 2032 V.
773 1997 808 2040 7,
835 1995 894 2032 16.
924 2018 966 2022 -
992 1995 1061 2034 sub
1085 1996 1234 2035 adunco
1254 2027 1261 2034 .
1283 2027 1290 2034 .
1311 2027 1319 2034 .
1336 1996 1448 2046 ferro,
1472 1997 1546 2036 sub

61 2059 234 2110 sagittis.
262 2082 305 2086 —
328 2059 379 2097 Et
401 2059 518 2097 telum
539 2072 677 2097 causas
700 2060 831 2098 mortis
853 2059 984 2098 habere
1007 2060 1117 2106 duas,
1143 2062 1192 2099 cf.
1218 2074 1337 2111 supra
1362 2061 1394 2100 Ι.
1418 2063 1454 2107 2,
1480 2063 1545 2101 17:

61 2124 156 2173 «Qui
190 2123 329 2163 mortis
363 2137 468 2162 saevo
502 2124 705 2173 geminent
740 2128 784 2162 ut
819 2125 982 2164 vulnere
1017 2138 1170 2172 causas,
1207 2126 1351 2165 Omnia
1386 2126 1546 2177 vipereo

63 2189 217 2241 spicula
240 2189 330 2228 felle
354 2189 514 2227 linunt».

115 2254 163 2293 V.
194 2255 355 2293 13—14.
384 2267 476 2305 pars
511 2254 600 2299 hoec,
629 2267 682 2293 sc.
711 2255 794 2293 haec
834 2268 924 2305 pars
953 2255 1059 2294 orbis
1088 2259 1298 2294 terrarum.
1331 2279 1373 2282 —
1402 2257 1546 2302 Marte,

63 2332 213 2371 pugna.

24 2373 28 2376 Δ
117 2384 164 2422 V.
194 2385 356 2422 15—16.
386 2384 561 2423 Tendisti
586 2385 636 2423 ad
661 2384 833 2435 primum
858 2398 926 2436 per
950 2385 1068 2424 densa.
1093 2385 1265 2437 pericula
1293 2386 1431 2437 pilum,
1457 2386 1483 2424 i.
1511 2399 1545 2424 e.

66 2448 225 2488 fortiter
263 2449 478 2499 pugnando
517 2449 668 2499 petiisti
707 2450 1031 2488 centurionatmn
1069 2450 1370 2501 primipilarem;
1410 2454 1546 2490 centu-

62 2514 195 2552 riones
216 2513 322 2552 enim
342 2513 461 2564 primi
481 2513 550 2564 pili
573 2514 613 2565 (i.
635 2527 668 2553 e.
692 2515 899 2565 manipuli)
923 2515 1152 2554 triariorum
1172 2516 1276 2554 inter
1297 2516 1547 2554 centuriones

65 2578 230 2628 legionis
261 2578 481 2629 principem
510 2579 748 2618 obtinebant
778 2580 923 2618 locum.
958 2603 1001 2607 —
1033 2580 1172 2632 pilum,
1203 2580 1467 2631 manipulum.
1502 2603 1545 2608 —

68 2643 198 2687 honor,
223 2656 277 2682 sc.
302 2643 602 2683 centurionatus
627 2644 895 2695 primipilaris.

120 2708 167 2746 V.
199 2709 360 2748 17—18.
377 2708 524 2755 titulus,
542 2709 682 2759 gloria3
699 2711 750 2748 cf.
768 2710 832 2748 ad.
852 2709 970 2748 Trist.
989 2710 1021 2748 Ι.
1041 2712 1076 2755 1,
1095 2712 1156 2748 53.
1178 2733 1220 2737 —
1239 2709 1366 2762 plenis
1385 2741 1392 2749 .
1414 2741 1421 2749 .
1442 2741 1449 2749 .
1467 2710 1547 2759 sru-

62 2772 205 2819 atibus,
220 2773 400 2813 Vestalis
423 2773 529 2812 enim
551 2774 722 2813 fortibus
744 2774 874 2819 factis,
899 2775 1044 2824 quibus
1067 2775 1392 2814 centurionatum
1414 2774 1548 2826 primi-

1364 2861 1410 2894 5*
