1990 3271
1555 302 1599 335 57

169 427 215 467 V.
244 425 280 463 6.
309 424 445 463 Hostis
474 424 520 462 ab
549 424 711 475 aqricola
742 425 807 463 vix
835 425 930 463 sinit
962 425 1029 463 illa
1058 425 1152 475 sodi,
1184 426 1232 464 cf.
1264 439 1381 476 supra
1414 426 1464 464 ad
1497 425 1528 464 Ι.
1559 432 1596 474 ὅ,

113 491 280 532 39—62.

171 557 216 596 V.
245 556 357 595 7—8.
387 555 573 605 Purpura
597 567 709 606 saepe
742 559 824 593 tuos
855 555 1004 605 salyens
1039 555 1210 605 [metent
1241 556 1417 600 (anicius,
1453 556 1595 595 alludit

114 623 167 662 ad
197 624 334 670 togam
364 632 538 670 purpura
569 623 806 670 praetextam
837 619 1022 658 consulis.
1054 619 1200 658 Fabius
1232 620 1430 659 Maximus
1461 622 1598 660 consul

116 687 195 727 fuit.
217 698 281 724 an.
307 686 366 723 11.
390 697 426 722 a.
451 684 539 723 Chr.
562 697 602 722 n.
633 706 675 711 —-
699 698 778 723 uon
799 684 1015 723 Sarmatico
1038 684 1198 735 tinyitur
1220 685 1290 723 illa
1312 685 1425 731 otiari,
1450 685 1474 723 i.
1499 699 1532 724 e.
1556 686 1598 724 in

116 751 217 792 mari
249 749 410 789 Euxino
442 763 522 788 non
554 753 648 788 sunt
683 749 863 788 murices.
902 772 943 776 κ
979 749 1220 789 Sarmatico.
1242 781 1249 787 .
1271 750 1408 796 anari,
1443 750 1597 789 Pontus

115 815 312 861 Euxinus,
337 813 448 853 cuius
471 813 588 852 litora
612 814 939 865 septentrionalia
962 815 1156 854 Sarmat-ae
1180 815 1422 854 incolebant.

170 881 216 920 V.
245 881 382 919 9-10.
406 879 584 918 Palladis
603 910 610 917 .
632 910 639 917 .
660 910 667 917 .
686 885 776 926 arte,
804 879 990 918 lanificio.

170 946 216 985 V.
246 946 407 984 11—12.
436 943 602 982 Femina
627 958 694 996 pro
720 945 810 983 lana
833 945 1005 984 Cerealia
1034 958 1191 984 ”itinera
1215 946 1370 996 frangit,
1396 959 1449 985 sc.
1476 945 1598 992 mola3

115 1010 226 1062 quod
247 1009 354 1060 apud
375 1009 580 1048 Romanos
602 1009 705 1048 servi
727 1010 942 1049 faciebant.
970 1034 1011 1037 —
1033 1011 1207 1050 Cerealia
1227 1024 1401 1057 munera,
1425 1012 1598 1049 frumen-

115 1081 219 1116 tum.
250 1097 292 1102 -
320 1074 603 1126 Suppositoque
625 1088 775 1125 yravem
800 1075 931 1114 vertice
958 1079 1080 1127 portat
1106 1089 1258 1127 aquam,
1286 1076 1310 1114 i.
1338 1090 1373 1115 e.
1400 1076 1440 1114 in
1467 1075 1599 1127 capit-e

117 1143 254 1193 portat
283 1153 425 1178 urnam
453 1152 566 1190 aquae
593 1153 769 1190 gravem,
800 1141 906 1190 quod
936 1154 1041 1179 nunc
1071 1154 1229 1191 quoque
1258 1141 1412 1180 faciunt
1441 1141 1598 1180 feminae

117 1205 287 1246 rusbicae.

169 1270 216 1309 V.
247 1271 408 1308 13—14.
451 1269 543 1308 Non
583 1269 644 1308 hic
685 1270 906 1322 pampineis
958 1271 1140 1309 amicitur
1182 1271 1320 1310 vilibus
1361 1272 1502 1317 ulmus,
1545 1271 1597 1310 cf.

117 1335 236 1375 Trist.
263 1335 340 1374 III.
368 1336 427 1381 10,
453 1336 620 1375 71—73.
646 1338 685 1374 et
710 1336 802 1374 adn.
829 1336 879 1373 ad
903 1336 942 1374 h.
967 1336 992 1374 l.
1018 1359 1059 1363 ——
1087 1336 1268 1375 amicitur
1289 1337 1432 1376 vitibus
1454 1336 1598 1383 ulmus,

117 1402 168 1442 cf.
195 1399 313 1439 Trist.
339 1399 393 1438 II.
421 1401 492 1438 143
517 1403 556 1438 et
581 1400 674 1438 adn.
700 1401 750 1439 ad
774 1402 813 1439 h.
835 1401 858 1438 l.
884 1424 926 1428 —
949 1401 1098 1440 Nulla.
1120 1432 1127 1439 .
1149 1432 1156 1440 .
1175 1415 1302 1453 poma,
1328 1402 1377 1441 cf.
1404 1402 1454 1440 ad
1480 1401 1598 1440 Trist.

121 1465 198 1506 III.
228 1466 288 1510 10,
316 1465 376 1504 73.

170 1529 218 1569 V.
248 1531 308 1569 15.
343 1528 489 1568 Tristia
519 1529 701 1576 deformes
730 1531 890 1582 pariunt
920 1531 1113 1570 absinthia
1145 1532 1285 1584 campi,
1318 1532 1367 1571 cf.
1399 1532 1450 1570 ad
1482 1531 1600 1570 Tristi.

119 1595 167 1635 V.
196 1596 257 1641 13,
285 1595 447 1633 21—22.
479 1617 521 1622 —
553 1595 711 1641 Tristia,
738 1609 885 1634 amara.

172 1660 219 1699 V.
250 1661 310 1699 17.
331 1659 451 1698 Ponti
470 1690 477 1698 .
498 1690 505 1697 .
526 1690 534 1698 .
551 1660 716 1706 sinistri,
741 1661 791 1700 cf.
817 1661 866 1699 ad
893 1661 1010 1699 Trist.
1037 1661 1068 1699 Ι.
1094 1663 1130 1708 2,
1155 1664 1216 1700 83.

171 1725 219 1764 V.
250 1726 311 1764 19.
334 1725 524 1775 Scythica,
548 1726 598 1764 cf.
623 1725 674 1764 ad
699 1725 816 1764 Trist.
842 1726 918 1764 III.
943 1730 978 1772 4,
1003 1728 1064 1765 46.

171 1789 219 1829 V.
247 1791 411 1828 21—22.
438 1789 617 1836 calamos,
644 1790 670 1828 i.
698 1803 731 1829 e.
758 1803 839 1830 non
866 1791 1038 1830 calamos
1065 1791 1309 1842 scriptorios,
1337 1793 1406 1830 sed
1432 1792 1602 1842 sagittas

116 1868 168 1894 ex
193 1853 346 1894 calamo
372 1855 513 1893 factas.
544 1878 587 1882 —
615 1855 769 1901 libellos,
805 1869 901 1894 nam
935 1856 1122 1907 pharetra
1148 1857 1285 1895 similis
1311 1861 1370 1896 est
1395 1857 1603 1896 involucro

116 1919 172 1958 illi
198 1920 515 1966 membranaceo,
542 1933 620 1970 quo
646 1920 852 1959 volumina
878 1935 1103 1971 papyracea
1130 1922 1388 1972 antiquorum
1414 1922 1603 1972 tegeban-

117 1988 201 2030 tur;
222 1985 272 2024 cf.
295 1985 346 2023 ad
368 1984 485 2024 Trist.
509 1985 540 2023 I.
564 1987 598 2031 1,
622 1988 657 2024 5.
683 2008 725 2012 -—
748 1986 884 2031 Musa,
907 1999 983 2024 ars,
1010 2010 1051 2013 —
1075 1987 1228 2027 consule
1252 1987 1373 2025 missa
1397 1986 1498 2032 boni,
1519 1986 1546 2025 i.
1567 1998 1601 2024 e.

117 2048 255 2100 accipe
277 2050 361 2088 haec
385 2050 489 2088 dona
512 2049 695 2089 libenter.

660 2227 746 2267 Mb.
771 2228 858 2267 ΙΙΙ.
885 2229 996 2280 epist.
1022 2229 1057 2269 9.

703 2327 776 2371 Ad
807 2328 1021 2373 Brutum.

173 2437 235 2476 Ad
259 2437 431 2476 eundem
454 2451 575 2489 supra
604 2438 636 2477 Ι.
664 2441 698 2485 1,
725 2439 792 2477 ubi
819 2441 868 2478 cf.
895 2440 989 2478 adn.

172 2501 220 2540 V.
250 2503 287 2540 3.
310 2507 410 2541 terra
429 2501 540 2552 fruar
561 2508 603 2542 ut
625 2504 816 2556 propiore,
840 2505 890 2544 cf.
915 2505 965 2543 ad
990 2505 1021 2543 Ι.
1047 2507 1082 2551 1,
1106 2507 1168 2545 79.

170 2566 219 2605 V.
248 2567 388 2605 9—10.
428 2568 585 2619 Ayrius,
624 2573 739 2619 pater
777 2569 980 2608 Thersitis.
1024 2593 1066 2597 —
1110 2570 1310 2616 Thersites,
1350 2570 1603 2621 turpissimus

121 2631 350 2671 Graecorum
369 2632 527 2672 Troiam
546 2635 883 2684 oppugnantiun13
904 2635 954 2673 cf.
973 2635 1096 2674 Hom.
1118 2635 1164 2674 Π.
1186 2635 1241 2674 Π.
1261 2637 1351 2675 216;
1387 2632 1606 2686 αἴσχιστος

121 2694 171 2736 δὲ
205 2690 309 2750 ἀνῆρ
342 2694 423 2736 ὑπὸ
446 2691 576 2737 Ἴλιον
607 2691 750 2753 ἢλθεν.

173 2760 220 2800 V.
249 2762 413 2800 21—22.
443 2763 558 2809 calor,
590 2764 640 2803 cf.
672 2765 723 2802 ad
755 2765 809 2803 II.
843 2768 878 2811 5,
905 2767 966 2804 68.
998 2788 1040 2792 —
1066 2779 1289 2818 quasso...
1307 2771 1462 2818 pectore,
1493 2778 1605 2806 sacro
