1990 3271
404 265 450 299 68

403 389 568 440 pilai-em
599 384 758 429 meruit,
790 382 972 421 debuisse
1001 381 1176 427 videtur,
1209 382 1316 431 quod
1348 385 1488 432 postea.
1519 382 1686 420 maiores
1718 382 1890 434 adeptus

403 456 464 492 est
485 453 668 491 honores.
695 471 738 476 —
762 448 907 494 ordine,
929 460 982 486 sc.
1006 447 1263 485 centurionis.
1290 469 1332 473 —
1356 446 1438 493 erit,
1460 447 1715 485 scribendum
1737 447 1890 498 potius:

403 521 496 557 erat.

455 582 502 620 V.
533 582 594 620 20.
619 579 760 624 Getico,
784 578 835 616 cf.
859 577 910 615 ad
933 576 1054 616 Trist.
1080 576 1156 616 III.
1182 578 1218 623 3,
1242 578 1277 614 6.

455 647 502 684 V.
532 646 695 685 21—20.
752 642 1177 694 4469ἱεοες...Ἰᾪοιερίιῃ
1231 641 1370 680 eadem
1423 654 1483 680 res
1534 645 1721 680 narratur
1772 654 1893 693 supra

405 713 438 751 I.
467 713 502 757 8,
530 710 710 753 11-2Ο,,
737 707 804 746 ubi
831 708 881 746 cf.
909 707 1002 745 adn.
1026 729 1069 734 —
1090 706 1283 752 subeunte,
1308 719 1362 745 sc.
1388 719 1521 745 muros
1546 706 1668 752 urbis,v
1693 706 1734 744 in
1759 719 1892 746 muros

403 778 602 827 impetun]
633 773 820 818 faciente3
852 773 902 810 cf.
934 772 1037 810 infra
1068 784 1127 810 vs.
1160 773 1221 809 34.
1256 794 1299 798 —
1330 771 1497 823 inqenio,
1527 775 1686 810 natura.

455 842 502 879 V.
532 842 593 879 23.
625 839 797 883 dubium,
829 837 959 888 posita
988 836 1126 875 melius
1156 835 1313 885 defensa¹
1343 849 1525 882 momme,
1557 837 1607 875 of.
1639 850 1759 887 supra
1791 837 1823 875 I.
1855 837 1892 884 8,

406 909 466 945 11.
492 906 540 943 de
564 904 721 954 Aegiso:
743 902 855 941 «urbs
876 932 884 940 .
906 933 913 940 .
935 932 942 939 .
976 901 1176 939 Moenibus
1200 906 1237 939 et
1263 901 1396 952 positu
1419 901 1489 939 vix
1511 902 1695 940 adeunda
1719 901 1820 941 loci».
1847 924 1891 930 —

403 983 588 1015 wmmme,
614 969 640 1007 i.
668 982 700 1007 e.
727 967 927 1006 moenibus
952 967 1129 1005 humana
1156 979 1278 1004 manu
1304 966 1456 1005 erectis.

455 1036 502 1074 V.
532 1034 695 1074 25—26.
717 1032 895 1072 Sithonio
913 1031 992 1083 reqi
1009 1031 1115 1081 serus
1135 1031 1382 1082 interceperat
1403 1031 1513 1070 'illam
1530 1031 1681 1078 Hostis,
1702 1032 1752 1071 of.
1773 1044 1894 1083 supra

405 1102 438 1141 I.
461 1102 497 1146 8,
523 1103 584 1138 15.
609 1099 656 1137 de
678 1098 837 1149 Aegiso:
857 1097 991 1136 «Hanc
1013 1098 1118 1135 ferus
1141 1096 1323 1146 Odrysiis
1344 1096 1506 1147 inopino
1527 1096 1656 1135 Marte
1677 1096 1894 1148 peremptis

405 1165 519 1216 Cepit
554 1170 593 1203 et
627 1164 667 1202 in
702 1176 834 1213 regem
866 1161 1029 1201 sustulit
1073 1175 1181 1200 arma
1218 1161 1364 1201 Getes».
1403 1184 1445 1188 —
1481 1161 1658 1201 Sithonio
1688 1161 1779 1212 reqi,
1813 1161 1893 1212 regi

405 1230 597 1275 Thraciae,
613 1229 720 1268 socio
737 1227 872 1279 populi
891 1227 1076 1272 Romani,
1093 1227 1156 1265 oui
1174 1226 1383 1265 commissa
1401 1226 1521 1265 fuisse
1536 1227 1697 1265 videtur
1712 1226 1895 1265 custodia

406 1296 547 1334 finium
581 1293 731 1332 Moesiae
766 1292 977 1331 inferioris.
1013 1291 1090 1330 Hie
1124 1305 1194 1330 rex
1228 1296 1363 1330 autem
1398 1295 1483 1330 erat
1520 1291 1654 1342 Cotys,
1689 1292 1741 1330 ad
1775 1304 1895 1341 quem

404 1360 555 1411 scripta
579 1363 638 1398 est
663 1371 781 1409 supra
808 1357 862 1396 II.
887 1359 922 1403 9,
947 1357 1015 1395 ubi
1039 1358 1088 1395 cf.
1113 1357 1206 1395 adn.
1237 1379 1279 1383 —
1305 1357 1494 1402 Sithonio,
1520 1357 1702 1403 Thracio;
1724 1345 1894 1397 Sithonii

406 1426 512 1465 enim
540 1427 654 1463 erant
682 1422 852 1474 populus
879 1422 920 1460 in
949 1422 1169 1461 Chalcidice
1197 1422 1376 1460 Thracia.

455 1491 503 1529 V.
533 1489 698 1529 27-28.
723 1487 911 1537 fluminea
933 1518 940 1525 .
961 1518 968 1525 .
992 1487 1136 1532 ‚undem
1164 1487 1364 1533 Danuvio,
1391 1487 1554 1537 Aegisos
1579 1487 1684 1525 enim
1707 1487 1786 1526 sita
1809 1489 1895 1526 erat

407 1556 457 1594 ad
479 1555 609 1606 ripam
630 1552 759 1591 Histri
781 1552 867 1590 sive
890 1552 1067 1590 Danuvii
1076 1566 1084 1598 3
1107 1553 1158 1591 of.
1182 1565 1299 1602 supra
1325 1552 1356 1590 I.
1380 1553 1415 1598 S,
1441 1554 1499 1590 11.
1526 1575 1568 1579 —
1597 1551 1789 1598 Vitellius,
1813 1551 1896 1590 dux

405 1619 603 1659 exercitus
632 1617 819 1663 Romani,
847 1617 887 1654 in
915 1630 994 1667 quo
1022 1617 1194 1655 Vestalis
1221 1617 1380 1655 meruit.
1412 1640 1453 1643 —
1483 1617 1652 1668 exposito
1677 1616 1811 1662 milite,
1839 1629 1893 1655 sc.

404 1686 445 1723 in
470 1685 559 1735 ripa
589 1682 780 1721 Danuvii.

456 1750 503 1788 V.
533 1750 595 1787 29.
625 1747 823 1799 progemes
843 1777 850 1785 .
872 1777 880 1784 .
901 1777 908 1784 .
927 1746 1075 1793 Donni,
1107 1747 1206 1797 regis
1237 1747 1398 1797 Alpium
1427 1746 1667 1793 Cottiarun];
1697 1747 1747 1786 cf.
1776 1759 1896 1797 supra

409 1815 501 1853 adn.

459 1879 506 1917 V.
536 1880 700 1916 33—34.
739 1877 946 1928 locumque,
983 1890 1036 1915 so.
1075 1877 1261 1923 arduun1;
1299 1878 1351 1915 cf.
1390 1890 1508 1927 supra
1547 1890 1605 1915 vs.
1643 1878 1807 1916 21-22.
1849 1898 1892 1904 -

408 1945 597 1996 Saxaque,
623 1956 710 1992 quae
735 1943 782 1980 de
805 1941 928 1980 muris
956 1941 1064 1980 urbis
1089 1942 1363 1981 deiciebantur
1384 1942 1424 1980 in
1447 1945 1739 1992 oppugnantes.

459 2009 506 2047 V.
537 2010 599 2047 36.
618 2008 769 2059 vipereo
793 2007 867 2046 tela
885 2019 1027 2053 cruore,
1048 2008 1098 2046 of.
1119 2008 1169 2045 ad
1190 2007 1308 2046 Trist.
1332 2007 1408 2046 III.
1432 2009 1491 2053 10,
1511 2008 1559 2045 64
1579 2010 1617 2045 et
1638 2006 1685 2045 V.
1706 2008 1742 2052 7,
1764 2007 1824 2045 16.
1849 2028 1891 2034 —-

407 2087 548 2119 cruore,
577 2086 745 2111 veneno.

459 2139 506 2177 V.
537 2140 699 2178 37—-5S.
746 2137 922 2188 Spicula,
968 2137 1139 2188 sagittae.
1190 2160 1231 2164 —
1279 2137 1444 2183 vulnere,
1489 2137 1799 2186 intellegendum
1845 2136 1896 2175 de

409 2208 523 2243 scuto
549 2203 639 2242 telis
666 2204 881 2253 perforato.

459 2269 506 2307 V.
537 2271 598 2307 41.
630 2267 786 2306 Danais
816 2281 884 2319 pro
914 2267 1078 2306 navibus
1110 2267 1229 2314 Aiax,
1260 2267 1363 2306 Aiax
1394 2267 1659 2312 Telamonius,
1691 2266 1759 2316 qui
1788 2265 1893 2306 Hec-

408 2338 537 2373 torem
556 2333 770 2373 fortissime
788 2345 971 2383 pugnans
989 2332 1177 2383 reppulit,
1196 2346 1245 2371 ne
1262 2345 1385 2371 naves
1405 2332 1630 2371 Graecorum
1648 2331 1876 2371 incenderet
1883 2344 1894 2377 ;
1920 2328 1923 2331 ’

408 2400 459 2438 cf.
482 2400 603 2438 Hom.
628 2399 674 2437 Il.
698 2398 819 2436 XIII.
847 2399 931 2437 125.
955 2411 1042 2448 sqq.
1069 2420 1112 2425 —
1135 2397 1303 2443 Danais,
1326 2397 1482 2437 Graecis.

460 2464 507 2502 V.
537 2465 700 2502 45—46.
728 2464 856 2509 Mors,
886 2477 1032 2514 pugna..
1066 2485 1107 2490 -
1138 2462 1307 2514 Quotque
1333 2462 1418 2501 neci
1446 2462 1593 2501 dederis
1620 2475 1784 2514 quosque
1810 2460 1893 2513 qui-

409 2529 549 2580 busque
583 2529 716 2574 modis,
749 2530 798 2567 of.
833 2528 978 2567 Tibull.
1014 2528 1068 2567 ΙΙ.
1102 2529 1137 2574 6,
1171 2530 1234 2566 52;
1264 2527 1429 2575 «Quisve
1461 2541 1592 2566 meam
1623 2530 1760 2565 teneat
1793 2529 1893 2576 quot

410 2598 598 2632 tene-utve
627 2594 771 2632 modis»
795 2598 834 2632 et
861 2593 935 2633 Ov.
966 2594 1056 2632 Am.
1087 2593 1142 2632 II.
1172 2594 1208 2638 8,
1237 2594 1403 2632 27—28:
1430 2593 1616 2643 «Quoque
1644 2592 1729 2631 loco
1758 2595 1894 2630 tec-um

410 2659 551 2697 fuerim
595 2659 872 2709 quotiensque,
916 2658 1093 2710 Cypassi,
1137 2658 1316 2697 Narrabo
1359 2657 1543 2704 dominae,
1585 2660 1766 2708 quotque
1807 2655 1894 2706 qui·

409 2723 564 2773 busque
592 2724 748 2762 modis».
