1990 3271
1538 313 1584 347 45

639 488 724 527 [sih.
751 487 812 526 11.
840 486 951 539 epist.
979 486 1039 523 11.

694 587 767 631 Ad
798 587 987 630 Rufum.

153 704 298 749 Rufus,
323 701 484 741 aliunde
507 714 588 739 non
612 703 732 739 notus
759 703 857 745 ,erat
882 697 1104 736 avunculus
1128 696 1256 735 tertiae
1281 695 1414 736 Ovidii
1439 695 1589 741 uxoris;

103 770 154 809 of.
182 768 285 806 infra
312 780 371 805 vs.
402 766 563 805 15—16.

158 833 206 872 V.
236 834 272 872 2.
311 844 451 883 parum
487 828 851 879 faustoe...Art=is‚
891 828 998 866 Artis
1036 826 1264 872 Amatoriae,
1303 839 1382 876 qua
1420 824 1589 876 Augusti

103 898 210 937 iram
234 897 275 936 in
299 909 340 935 se
364 895 501 934 vertit.

154 962 202 1001 V.
231 964 268 1001 7.
297 961 410 1013 prius
438 960 536 998 hanc
563 959 739 998 animam
768 972 908 997 vacuas
935 958 1134 997 reddemus
1164 957 1203 995 in
1232 969 1362 1001 auras,
1391 956 1441 994 cf.
1471 954 1590 993 Trist.

106 1027 185 1068 III.
213 1029 249 1073 3,
278 1028 343 1065 61:
367 1025 492 1063 «Nam
518 1024 551 1063 si
579 1028 708 1063 morte
736 1036 872 1062 carens
898 1036 1025 1061 vacua
1053 1022 1163 1061 volat
1191 1021 1295 1060 altus
1321 1021 1360 1059 in
1388 1033 1483 1058 aura
1508 1019 1593 1070 Spi-

106 1092 237 1131 ritus».

156 1157 204 1195 V.
233 1158 372 1195 9—10.
398 1155 579 1193 lacrimas
598 1185 606 1192 .
627 1185 634 1192 .
656 1185 664 1192 .
683 1167 782 1198 cum,
805 1166 858 1192 sc.
882 1166 973 1191 cum
997 1151 1165 1191 Ovidius
1187 1151 1227 1189 in
1250 1150 1414 1189 exilium
1435 1149 1522 1188 iret.
1550 1171 1592 1176 —

105 1234 198 1262 ora.
220 1252 256 1260 ..
283 1234 369 1259 cum
398 1233 482 1258 mea
512 1224 680 1258 concreto
709 1219 810 1257 sicea
840 1218 964 1257 dolore
997 1217 1134 1266 forent,
1164 1216 1190 1254 i.
1221 1229 1254 1255 e.
1286 1229 1377 1254 cum
1406 1228 1474 1254 ora
1504 1226 1593 1252 mea

103 1287 240 1326 dolore
276 1288 461 1325 concreta
507 1288 638 1323 essent
686 1284 726 1334 (i.
761 1297 794 1322 e.
828 1283 1080 1333 rigescerent)
1126 1282 1197 1327 ita,
1231 1285 1276 1319 ut
1308 1294 1358 1319 ne
1389 1279 1595 1318 lacrimare

104 1351 269 1402 quidem
302 1353 480 1401 possent.

157 1416 206 1455 V.
238 1416 402 1454 15—-16,
431 1414 531 1466 quod
555 1413 787 1452 Hermiones
814 1413 949 1453 Castor
975 1412 1063 1461 suit,
1091 1411 1231 1450 Hector
1256 1410 1352 1456 Iuli,
1380 1409 1598 1448 Hermione

106 1484 194 1520 erat
226 1480 307 1519 filia
339 1479 518 1525 Helenae,
552 1479 692 1518 Castor
723 1482 860 1516 autem
891 1479 1014 1515 frater
1044 1476 1222 1522 Helenae,
1255 1488 1345 1525 ergo
1377 1474 1598 1513 avunculus

105 1545 357 1590 Hermionae3
397 1544 508 1583 Iulus
546 1547 632 1582 erat
671 1543 774 1582 filius
814 1544 956 1581 Aeneae
995 1546 1034 1580 et
1074 1542 1240 1587 Creusae,
1281 1540 1423 1579 Creusa
1463 1542 1600 1578 autem

105 1622 217 1650 soror
249 1609 451 1655 Hectoris,
486 1622 577 1659 ergo
609 1608 763 1647 Hector
795 1607 1018 1646 avunculus
1053 1607 1142 1645 Iuli.
1180 1629 1223 1633 —
1256 1605 1342 1644 Hoc
1373 1618 1436 1656 eqo
1467 1609 1500 1643 te

106 1674 284 1726 coniuyi's
311 1687 391 1714 esse
417 1687 522 1719 mece,
548 1673 575 1711 i.
605 1686 638 1711 e.
668 1673 912 1712 avunculum
939 1685 1035 1711 esse.

158 1739 207 1779 V.
236 1741 401 1778 21—22.
452 1739 502 1777 ad
549 1739 718 1790 palmoe.
742 1768 749 1775 .
771 1769 778 1775 .
798 1750 983 1776 cursurus
1032 1736 1190 1775 ho‘nores
1210 1767 1217 1774 .
1238 1766 1245 1773 .
1267 1747 1419 1787 .equus,
1454 1748 1508 1773 sc.
1556 1733 1598 1772 in

109 1804 329 1844 certamine
359 1816 547 1842 curruum
576 1803 618 1841 in
650 1803 766 1842 circo.
802 1825 843 1829 —
875 1802 1030 1853 palmae,
1061 1801 1239 1840 victoriae
1267 1800 1420 1850 insigne
1448 1799 1530 1837 iam
1557 1798 1599 1836 in

108 1869 213 1908 ludis
242 1868 476 1919 Olympicis.

160 1933 207 1972 V.
237 1935 299 1972 28.
337 1933 553 1972 Fundani.
575 1932 715 1977 ..solva
751 1932 880 1970 Rufus
914 1931 1036 1981 igitur
1069 1930 1237 1976 Fundis,
1272 1929 1369 1968 urbe
1403 1928 1513 1967 Latii
1548 1927 1599 1966 ad

106 1997 217 2037 viam
245 1998 432 2049 Appiam,
461 1997 651 2036 oriundus
679 1997 800 2035 fuisse
826 1996 1000 2035 videtur.
