1990 3271
1544 283 1586 316 51

105 407 299 459 Marsyas,
335 410 495 458 satyrus
531 406 741 457 Phrygius,
778 404 968 444 tibiarum
1003 409 1127 443 cantu
1161 404 1452 451 celeberrimus,
1477 404 1588 445 cuius

107 471 324 524 discipulus
349 476 434 511 erat
460 471 670 522 Olympus,
694 469 843 509 tibicen
867 469 1084 508 fabulosus.

154 536 202 575 V.
231 538 294 575 43.
328 536 475 576 Chiron
509 536 556 574 ab
593 535 756 580 Achille,
793 534 937 574 Chiron
973 538 1185 573 centaurus
1222 533 1358 573 docuit
1394 534 1588 574 Achillem

102 614 272 653 puerum
303 601 451 640 fidibus
483 613 636 640 canere.
673 621 716 627 —
746 598 1041 650 Pythayoroeque
1084 598 1271 644 Numam,
1305 598 1438 637 Numa
1470 598 1588 638 Pom-

103 665 220 717 pilius
246 678 319 705 rex
342 665 618 705 Romanorum
643 677 665 702 a
694 663 927 714 Pythagora
946 663 1182 714 philosopho
1208 663 1447 714 sapientiam
1471 676 1588 702 suam

104 730 287 770 didicisse
309 731 546 781 putabatur3
569 730 622 768 cf.
646 729 721 769 Ov.
743 728 840 767 Met.
863 728 953 766 XV.
976 729 1037 767 60.
1058 740 1152 778 sqq.

153 795 201 834 V.
229 796 395 834 49—50.
419 794 579 846 liquido,
603 793 680 832 fide
702 793 871 843 liquida,
894 793 920 831 i.
944 806 977 832 e.
1001 806 1115 843 pura.
1142 815 1185 820 ——
1209 792 1302 831 Non
1324 805 1382 831 me
1405 792 1590 844 legitimos

102 859 329 899 sollicitasse
357 864 467 904 toros,
496 859 522 897 i.
553 872 586 897 e.
614 872 695 898 non
725 858 904 897 docuisse
932 858 1192 903 adulterium;
1221 858 1271 897 cf.
1301 857 1352 896 ad
1383 857 1501 896 Trist.
1531 857 1587 897 Π.

107 925 324 964 247—250.

159 989 207 1028 V.
237 990 401 1028 51—52.
436 988 530 1035 illis,
565 1001 618 1027 sc.
654 987 939 1027 meretricibus.
979 1011 1022 1014 —
1058 987 1147 1026 vitta
1169 1018 1176 1025 .
1197 987 1343 1026 ..stola
1380 987 1502 1039 lonya,
1537 988 1588 1027 cf.

102 1054 156 1093 ad
179 1053 296 1092 Trist.
321 1053 376 1092 Π.
400 1055 618 1093 247—250:
639 1053 772 1092 «vittae
792 1084 799 1091 .
821 1083 828 1091 .
850 1083 857 1090 .
875 1052 1016 1091 instita
1038 1052 1183 1102 longa».

153 1118 201 1157 V.
231 1120 394 1157 55—56.
419 1118 546 1157 omnis
571 1118 688 1169 riqide
711 1122 899 1156 summota
926 1117 1077 1162 libellis,
1103 1117 1245 1156 alludit
1270 1117 1322 1155 ad
1347 1117 1588 1168 prooemium

103 1183 212 1223 Artis
242 1183 458 1222 Amatoriae
489 1183 538 1233 (I.
569 1183 767 1233 31—34.):
795 1182 910 1221 «Este
940 1182 1077 1233 procul
1105 1182 1222 1220 vittae
1252 1186 1404 1226 tenues,
1435 1182 1588 1232 insigne

102 1248 280 1300 pudoris,
309 1247 484 1298 Quaeque
509 1248 610 1298 tegis
635 1247 786 1286 medios
810 1247 951 1286 instita
976 1247 1093 1297 longa
1120 1247 1256 1297 pedes!
1284 1246 1366 1285 Nos
1392 1247 1588 1285 Venerem

103 1315 240 1352 tutam
273 1326 538 1362 concessaque
572 1313 678 1351 furta
715 1325 902 1351 canemus
938 1312 1067 1362 Inque
1102 1325 1190 1350 meo
1223 1311 1378 1350 nullum
1412 1311 1587 1350 carmine

104 1377 254 1417 crimen
277 1377 379 1416 erit».
406 1401 450 1404 —
473 1377 613 1422 omnis,
636 1390 690 1416 sc.
714 1377 866 1415 mulier.
894 1400 936 1404 -
962 1377 1073 1422 viros,
1097 1381 1308 1415 amatores.

157 1442 206 1481 V.
235 1443 397 1482 57—58.
437 1442 510 1493 leye
546 1455 685 1488 severa,
724 1443 807 1492 lege
846 1442 947 1480 Iulia
987 1442 1035 1480 de
1072 1441 1276 1480 adulteriis
1316 1442 1366 1480 ab
1406 1443 1586 1491 Augusto

106 1506 203 1546 lata.
242 1530 285 1534 —
321 1512 443 1552 notas,
478 1511 690 1557 tamquam
724 1507 929 1553 dedecora,
964 1506 1252 1557 turpitudines;
1289 1508 1339 1545 cf.
1376 1506 1494 1544 Trist.
1531 1505 1587 1544 II.

104 1573 197 1612 211:
219 1572 345 1623 «turpi
371 1571 544 1611 carmine
569 1573 699 1611 factus
725 1572 880 1622 Arguor
904 1572 1063 1610 obsceni
1090 1572 1230 1610 doctor
1255 1571 1468 1610 adulterii».

156 1637 206 1675 V.
234 1637 295 1676 60.
323 1637 532 1688 lampades,
558 1638 681 1682 faces;
707 1638 758 1676 cf.
784 1650 902 1687 supra
929 1637 980 1675 ad
1005 1649 1064 1675 vs.
1091 1638 1151 1674 33.

157 1701 207 1740 V.
237 1702 298 1740 6‘2..
327 1702 470 1747 Caesar,
502 1703 718 1751 Augustus.
752 1724 795 1728 —
826 1701 872 1739 ab
904 1702 1035 1740 Aenea
1065 1706 1117 1740 est
1146 1701 1213 1753 qui
1241 1701 1311 1739 tibi
1339 1700 1455 1749 fratre
1484 1705 1586 1746 tuus,

106 1766 230 1805 Amor
265 1770 304 1804 et
342 1767 494 1805 Aeneas
529 1770 623 1804 sunt
660 1766 822 1804 Veneris
859 1766 945 1811 filii;
982 1767 1186 1816 Augustus
1223 1769 1360 1804 autem
1395 1765 1589 1815 originem

107 1830 218 1870 ducit
242 1831 292 1869 ab
318 1830 418 1876 Iulo,
444 1831 586 1869 Aeneae
606 1831 701 1876 filio;
726 1832 776 1870 cf.
801 1844 920 1881 supra
946 1831 997 1869 ad
1022 1831 1054 1869 Ι.
1082 1833 1116 1876 1,
1142 1831 1307 1869 35-36.
1337 1853 1379 1856 -
1404 1835 1506 1875 tuus,
1531 1842 1586 1868 sc.

105 1899 315 1945 cognatus.

157 1959 205 1998 V.
235 1960 296 1998 64.
319 1960 396 1999 loco
417 1960 530 2011 plecti
551 1960 812 2005 commodiore,
835 1961 885 1999 cf.
909 1961 961 1998 ad
984 1960 1015 1998 I.
1041 1963 1075 2005 1,
1098 1961 1261 1999 79—80.

157 2024 204 2063 V.
234 2025 396 2064 69—70.
427 2025 499 2063 Nil
528 2025 608 2064 nisi
637 2038 853 2064 concessum
885 2029 976 2070 etc..
1007 2027 1057 2064 cf.
1091 2025 1165 2064 Ov.
1197 2026 1243 2063 A.
1276 2026 1322 2063 A.
1356 2024 1387 2063 Ι.
1419 2025 1587 2062 33—34:

102 2088 203 2128 «Nos
243 2089 439 2128 Venerem
478 2094 611 2128 tutam
652 2103 916 2140 concessaque
955 2091 1064 2128 furta
1104 2102 1291 2129 canemus
1334 2089 1459 2139 Inque
1498 2101 1588 2128 meo

103 2154 260 2193 nullum
286 2155 462 2193 carmine
490 2155 637 2193 crimen
666 2155 768 2193 erit».

155 2219 203 2257 V.
232 2221 293 2258 75.
318 2219 468 2264 erroris,
494 2220 544 2258 cf.
569 2220 619 2257 ad
647 2220 764 2258 Trist.
791 2220 823 2258 Ι.
848 2221 884 2265 2,
909 2221 971 2258 99.

157 2283 205 2322 V.
235 2285 296 2323 80.
317 2284 500 2330 Phasias,
523 2284 677 2331 Medea,
701 2285 812 2324 cuius
837 2289 952 2335 pater
974 2285 1115 2323 Aeetes
1138 2297 1209 2322 rex
1231 2288 1314 2322 erat
1338 2284 1378 2322 in
1403 2283 1588 2322 Colchide

102 2348 158 2386 ad
189 2348 339 2387 flumen
370 2349 532 2394 Phasin,
564 2349 605 2387 in
637 2349 751 2388 litore
782 2349 965 2388 orientali
996 2349 1115 2388 Ponti
1147 2349 1309 2388 Euxini.
1346 2371 1388 2375 —
1421 2352 1473 2387 est
1504 2347 1589 2387 telis

103 2412 183 2464 fixa
204 2414 335 2465 puella-
360 2414 464 2459 meis,
487 2427 541 2454 sc.
564 2419 610 2453 ut
635 2414 819 2454 Iasonem
841 2418 1008 2453 amaret.

156 2478 203 2516 V.
234 2479 296 2516 82.
322 2491 342 2517 ο
367 2479 502 2517 eastris
525 2479 636 2518 ortiles
660 2480 780 2518 antioc
808 2479 912 2519 meis.
939 2481 989 2518 cf.
1017 2479 1091 2519 Ov.
1119 2481 1208 2518 Ain.
1236 2479 1268 2517 Ι.
1295 2480 1331 2524 9,
1360 2481 1397 2517 1:
1421 2477 1588 2516 «Militat

102 2542 234 2582 omnis
254 2556 393 2581 amans
413 2547 452 2582 et
472 2544 595 2583 habet
615 2557 686 2583 sua
707 2549 838 2584 castra
860 2544 1028 2595 Cupido»
1047 2548 1086 2583 et
1109 2545 1155 2583 A.
1171 2545 1217 2583 A.
1234 2543 1288 2582 II.
1310 2545 1400 2582 233:
1418 2542 1589 2581 «Militiae

103 2607 254 2658 species
280 2620 392 2647 amor
415 2612 503 2647 est».

155 2671 203 2710 V.
233 2673 294 2711 86.
328 2672 562 2724 triumphus,
596 2687 650 2713 sc.
685 2674 834 2712 Tiberii
867 2675 916 2712 de
949 2674 1154 2713 Pannonia
1189 2677 1227 2712 et
1264 2673 1415 2723 Elyriae
1450 2673 1500 2712 cf.
1535 2671 1587 2711 ad

105 2735 162 2776 Π.
191 2738 225 2783 1,
253 2739 288 2775 1.

263 2831 287 2856 0
1400 2820 1446 2853 4*
