1990 3271
1549 263 1594 295 83

113 406 237 446 9ener,
263 390 357 442 quia
381 390 571 429 Hercules
597 389 635 427 in
662 389 800 428 caelum
825 387 1063 438 adsumptus
1089 390 1128 425 et
1154 385 1297 425 Iunoni
1323 385 1598 425 reconciliatus

116 469 282 498 uxorem
309 455 426 494 duxit
452 454 610 500 Heben,
638 453 801 492 Iunonis
828 452 963 490 filiam.

168 523 215 563 V.
245 522 382 561 9—10.
418 519 519 559 dedit
551 518 664 558 Latio
698 531 850 557 carmen
884 517 1002 568 reyalc
1036 516 1212 561 Severus,
1246 516 1425 561 Severus,
1461 519 1600 554 auctor

117 586 304 627 carminis
336 585 434 636 epici
468 585 515 623 de
546 584 704 634 regibus
736 582 942 627 Romanis,
975 581 1025 620 ad
1058 594 1177 630 quem
1209 580 1357 631 scripta
1390 585 1448 619 est
1480 592 1600 630 supra

118 653 188 692 IV.
209 655 260 697 2.,
283 651 351 689 ubi
373 652 424 689 cf.
446 650 539 688 adn.
566 671 607 676 —
627 648 788 688 Priscus
807 651 971 698 uterque,
994 647 1163 685 fortasse
1185 658 1286 684 unus
1307 658 1356 684 ex
1374 645 1434 684 his
1455 644 1597 684 Priscis

117 721 202 757 erat
232 716 430 756 Clutorius
458 714 614 753 Priscus
643 713 720 759 ille,
749 713 796 751 de
825 725 903 762 quo
933 712 1024 751 Tac.
1055 712 1158 750 Ann.
1188 711 1264 750 ΙΙΙ.
1293 712 1357 749 49:
1383 710 1477 749 «fine
1504 709 1597 748 anni

118 784 172 834 (p.
193 783 282 822 Chr.
300 794 339 819 n.
359 781 436 830 21.)
458 779 680 818 Clutorium
699 778 877 816 Priscum
896 777 1073 827 equitem
1091 776 1321 815 Romanum
1339 780 1429 826 post
1448 775 1598 815 celebre

116 860 288 893 carmen,
306 858 384 896 quo
403 843 624 884 Germanici
643 856 826 894 suprema
850 844 902 893 (p.
922 842 1012 882 Chr.
1029 855 1068 880 n.
1088 842 1164 892 19.)
1184 841 1414 886 defleverat,
1431 839 1599 892 pecunia

116 913 313 952 donatum
348 923 370 949 a
405 910 555 949 Caesare
581 908 771 959 corripuit
803 909 958 947 delator
991 907 1195 946 obiectans
1230 919 1330 957 aegro
1366 906 1494 945 Druso
1529 905 1597 955 (sc.

115 977 195 1017 filio
220 975 377 1026 Tiberii)
401 973 680 1025 composuisse,
713 974 832 1023 quod,
855 973 886 1011 si
908 973 1108 1012 extinctus
1131 973 1246 1018 foret,
1268 971 1416 1010 maiore
1437 969 1599 1022 praemio
1647 1022 1650 1024 Ὗ

115 1043 377 1092 volgaretur».
409 1062 451 1067 —
480 1039 626 1085 Numa,
655 1051 812 1090 prorsus
840 1039 1012 1088 ignotus.

167 1107 214 1146 V.
246 1108 305 1145 11.
340 1105 396 1144 vel
429 1104 647 1156 imparibus
680 1104 854 1143 numeris
874 1134 880 1141 .
902 1134 909 1141 .
931 1104 1012 1142 .ch
1047 1103 1178 1154 cequz's,
1214 1103 1239 1140 i.
1275 1116 1308 1141 e.
1344 1106 1383 1140 et
1419 1100 1596 1140 distichis

116 1171 296 1222 elegiacis
314 1174 353 1209 et
370 1170 629 1215 hexametris;
649 1169 781 1219 elegiis
801 1173 839 1207 et
858 1169 1031 1207 carmine
1050 1168 1158 1218 epleo
1178 1168 1326 1218 pariter
1343 1167 1531 1217 egregius.
1554 1187 1597 1192 —

115 1237 323 1281 Montano,
354 1235 477 1274 lulius
517 1234 747 1280 Montanus,
779 1234 826 1272 de
857 1247 934 1283 quo
962 1234 1096 1273 Senec.
1128 1232 1314 1272 Controv.
1344 1232 1436 1271 VH.
1468 1233 1502 1277 1,
1532 1232 1596 1270 27:

113 1301 346 1340 «Montanus
376 1300 513 1346 Iulius,
537 1299 604 1349 qui
630 1312 761 1338 comes
789 1299 866 1337 fuit
895 1298 1054 1344 Tiberii,
1083 1298 1265 1348 egregius
1287 1300 1436 1348 poeta»;
1461 1297 1596 1337 Senec.

115 1366 245 1417 Epist.
262 1367 347 1411 122,
363 1367 426 1404 11:
440 1365 673 1404 «tolerabilis
691 1368 806 1415 poeta
826 1368 864 1402 et
881 1364 1057 1402 amicitia
1075 1363 1219 1401 Tiberii
1235 1368 1354 1401 notus
1371 1366 1409 1400 et
1426 1362 1595 1412 frigore».

218 1431 265 1470 V.
297 1431 356 1469 13.
393 1430 459 1482 qm]
479 1430 695 1481 Penelopae
719 1429 918 1468 rescribere
949 1429 1064 1468 iussit
1103 1428 1255 1474 Ulixen,
1290 1428 1459 1468 Sabinus
1493 1426 1597 1464 infra

113 1508 173 1535 vs.
198 1497 258 1535 16.
282 1495 528 1542 nominatus,
552 1494 702 1534 amicus
727 1494 873 1541 Ovidii,
899 1494 965 1543 qui
988 1494 1184 1544 responsis
1207 1494 1372 1531 heroum
1394 1491 1596 1543 supplevit

114 1560 322 1612 Epistulas
351 1560 574 1599 Heroidum
605 1560 841 1605 Ovidianas3
872 1560 921 1598 cf.
953 1559 1027 1599 Ov.
1059 1560 1148 1597 Am.
1180 1559 1234 1597 Π.
1267 1560 1326 1604 18,
1356 1559 1420 1596 27;
1447 1557 1597 1604 «Quam

115 1626 195 1665 cito
221 1626 268 1664 de
293 1629 381 1664 toto
405 1625 523 1664 rediit
548 1638 658 1663 meus
683 1626 777 1664 orbe
799 1625 968 1665 Sabinus
990 1624 1226 1674 Scriptaque
1251 1622 1415 1662 diversis
1440 1621 1596 1660 rettulit

110 1691 175 1730 ille
209 1690 321 1730 locis!
359 1690 537 1730 Candida
573 1690 770 1740 Penelope
805 1690 963 1739 signum
998 1689 1186 1739 cognovit
1221 1688 1363 1733 Ulixis,
1398 1687 1512 1737 Legit
1547 1686 1597 1725 ab

112 1755 336 1806 Hippolyto
358 1755 507 1806 scripta
528 1768 697 1794 noverca
721 1768 810 1801 suo;
834 1755 920 1793 Iam
943 1755 1030 1805 pius
1053 1755 1205 1793 Aeneas
1227 1754 1378 1792 miserae
1399 1751 1598 1802 rescripsit

114 1820 265 1866 Elissae,
299 1820 494 1870 Quodque
523 1820 627 1869 legat
660 1820 824 1871 Phyllis,
855 1820 886 1858 si
917 1820 1036 1858 modo
1066 1819 1184 1866 vivit,
1216 1820 1346 1864 adest;
1378 1818 1515 1857 Tristis
1547 1816 1598 1855 ad

113 1884 370 1936 Hypsipylen
403 1886 454 1923 ab
489 1885 630 1924 Iasone
662 1885 795 1924 littera
828 1885 957 1923 venit:
993 1885 1071 1923 Det
1103 1889 1243 1924 votam
1275 1884 1428 1923 Phoebo
1460 1881 1597 1921 Lesbis

114 1953 252 1988 amata
272 1949 430 2000 lyram».

163 2014 211 2054 V.
242 2016 404 2053 15—16.
438 2015 660 2062 Trisemem,
689 2019 937 2066 corruptun1;
965 2015 1153 2054 Heinsius
1181 2014 1435 2054 scribendum
1463 2014 1598 2052 censet

116 2079 297 2119 Troezena
323 2080 555 2130 cogitatque
580 2080 628 2118 de
652 2081 826 2119 carmine
845 2081 954 2131 epico
981 2081 1137 2119 fabulas
1165 2081 1215 2119 ad
1241 2080 1382 2119 urbem
1409 2079 1598 2117 Troezena

114 2144 360 2195 pertinentes
397 2145 703 2196 complectente3
740 2145 924 2184 Ehwald:
965 2145 1168 2192 Troesmin,
1205 2146 1312 2196 quod
1347 2143 1598 2183 referendum

114 2209 167 2248 sit
200 2209 251 2248 ad
285 2210 425 2248 urbem
459 2210 654 2248 Troesmin
691 2211 746 2261 (in
778 2210 932 2261 Moesia)
969 2224 992 2250 a
1025 2211 1246 2262 Pomponio
1279 2211 1434 2255 Flacco,
1469 2207 1597 2246 amico

116 2273 252 2314 Ovidii
283 2275 350 2325 (cf.
380 2275 431 2313 ad
463 2275 495 2314 Ι.
528 2275 619 2325 10.),
650 2276 864 2315 fortissime
893 2280 1109 2327 receptam,
1141 2276 1189 2315 de
1219 2289 1298 2326 qua
1327 2289 1368 2313 re
1397 2275 1447 2313 cf.
1477 2284 1598 2322 supra

115 2338 186 2378 IV.
212 2340 248 2384 9,
276 2341 442 2379 79—80:
467 2340 561 2379 «Hic
591 2341 660 2390 (sc.
686 2340 866 2391 Flaccus)
896 2344 1055 2391 raptam
1083 2341 1277 2380 Troesmin
1305 2339 1419 2379 celeri
1444 2339 1597 2377 virtute

117 2403 268 2454 recepit
298 2404 522 2454 Infecitque
550 2406 632 2444 fero
661 2406 853 2456 sanguine
882 2406 1132 2445 Danuvium»
1158 2411 1197 2445 et
1227 2407 1319 2445 adn.
1348 2405 1399 2443 ad
1426 2405 1466 2442 h.
1495 2403 1519 2440 l.
1553 2423 1596 2428 —

112 2468 449 2520 imperfectumque
469 2470 617 2509 dierum
635 2501 643 2508 .
664 2501 671 2508 .
694 2501 702 2509 .
720 2484 830 2523 opus,
849 2471 875 2509 i.
896 2484 928 2510 e.
944 2471 1086 2510 Fastos
1105 2472 1281 2522 poeticos
1301 2471 1349 2509 ad
1371 2468 1598 2518 exemplum

115 2533 268 2579 Ovidii;
287 2534 337 2572 cf.
358 2533 433 2573 Ov.
452 2534 564 2574 Fast.
585 2535 616 2574 Ι.
638 2537 723 2574 101.
744 2540 783 2575 et
804 2536 881 2575 HI.
903 2539 988 2576 177.
1011 2538 1074 2588 (de
1093 2550 1133 2576 se
1150 2537 1269 2588 ipso):
1286 2539 1416 2574 «vates
1435 2544 1597 2584 operose

115 2597 300 2636 dierum».

163 2662 212 2702 V.
242 2664 403 2703 17—18.
429 2664 656 2717 Inqeni‘c'que
681 2666 746 2705 sui
770 2666 897 2706 dictus
922 2667 1139 2718 coqnomine
1164 2667 1324 2717 Larqus,
1352 2664 1419 2714 qui
1444 2663 1594 2711 Largus

114 2726 192 2766 fuit
227 2730 265 2766 et
298 2729 459 2768 nomine
494 2733 532 2769 et
565 2730 737 2781 ingenio.
772 2731 964 2770 Nonnulli
995 2732 1102 2770 hunc
1135 2732 1309 2781 Largum
1342 2728 1595 2779 suspicantur

1404 2813 1448 2845 fi*
