1990 3271
409 273 456 306 30

408 396 513 432 tecta
539 393 610 430 fori
636 392 820 431 Romani.
846 405 914 441 per
937 391 1043 440 quod
1067 403 1226 429 currum
1249 389 1327 440 egit
1351 390 1621 441 triumphator
1644 390 1888 441 Capitolium

408 462 558 508 petens..

460 522 505 559 Y.
535 523 595 559 43.
626 522 748 560 duces.
778 520 953 558 hostium
983 519 1100 557 duces
1129 518 1279 557 catenis
1307 518 1433 557 vincti
1461 518 1575 557 ibant
1604 523 1698 558 ante
1726 533 1887 559 currum

407 585 703 636 triumphantis.

459 650 505 688 V.
538 653 598 687 45.
634 651 744 689 Bato.
779 649 859 686 (lux
891 647 1126 692 rebellionis,
1160 647 1226 697 qui
1261 648 1421 685 demum
1454 648 1610 686 Tiberio
1642 661 1683 687 se
1715 648 1885 695 dedidit;

406 715 457 753 cf.
480 714 587 759 Suet,
613 714 698 751 Til».
724 716 786 751 20:
809 712 1034 762 «(Tibcrius)
1062 712 1271 757 Batonem,
1296 712 1548 750 Pannonium
1572 714 1725 759 ducem,
1750 713 1885 764 ingen-

407 779 515 817 tibus
548 779 739 816 donatum
773 777 943 827 praemiis
975 776 1213 814 Ravennam
1244 777 1464 823 transtulit,
1497 777 1668 827 gratiam
1699 778 1886 825 referens,

407 843 514 893 quod
554 856 594 880 sc
634 842 835 891 quondam
876 854 966 879 cum
1007 841 1183 879 exercitu
1222 841 1437 891 iniquitate
1471 842 1544 881 loci
1581 843 1886 882 circumclusum

407 920 544 958 passus
569 914 649 944 crat
677 907 870 944 evadere».

458 972 503 1009 V.
537 974 596 1009 50.
629 971 781 1021 Oppida
813 970 881 1008 sub
912 970 1021 1008 titulo
1049 970 1222 1009 nominis
1251 970 1326 1010 isse
1356 971 1426 1016 tui,
1453 971 1554 1010 bello
1585 972 1814 1012 Pannonico
1844 975 1886 1011 et

407 1035 563 1085 Illyrico
606 1035 793 1073 intererat
838 1034 1094 1074 Germanicus
1137 1039 1175 1073 et
1218 1035 1428 1075 nonnullas
1470 1050 1577 1075 arces
1619 1036 1885 1088 expugnavit;

403 1101 455 1139 cf.
477 1100 572 1138 vell.
594 1100 681 1138 Pat.
705 1100 757 1137 II.
786 1100 848 1138 96:
874 1099 1036 1149 «Magna
1061 1099 1101 1137 in
1130 1099 1230 1138 bello
1258 1100 1481 1140 Delmatico
1509 1101 1781 1152 experimenta
1805 1101 1883 1140 vir·

405 1164 505 1203 tutis
535 1164 575 1202 in
608 1165 753 1203 multos
786 1178 828 1203 ac
863 1164 1032 1202 difficilis
1063 1164 1168 1203 locos
1200 1165 1424 1215 praemissus
1457 1166 1713 1205 Germanicus
1746 1165 1884 1205 dedit».

409 1229 538 1277 Quare
579 1229 618 1266 in
661 1229 864 1279 triumpho
907 1229 1172 1279 portabantur
1214 1229 1424 1269 simulacra
1465 1231 1705 1281 oppidorum
1745 1232 1796 1270 ab
1837 1243 1884 1270 eo

403 1298 614 1344 captorum
645 1294 899 1344 inscriptione
928 1294 1100 1332 nominis
1130 1294 1212 1333 eius
1242 1299 1396 1333 ornata.
1429 1296 1485 1334 Cf.
1517 1296 1568 1334 ad
1598 1295 1715 1334 Trist.
1747 1296 1816 1335 IV.
1846 1297 1883 1342 2,

404 1360 466 1398 20.
502 1381 544 1386 —
579 1359 699 1404 titulo,
733 1358 999 1408 inscriptione.
1037 1382 1079 1386 —-
1113 1359 1200 1406 isse,
1232 1359 1257 1397 i.
1291 1372 1323 1398 e.
1357 1364 1519 1411 portata
1551 1373 1633 1399 esse
1662 1361 1704 1399 in
1736 1373 1884 1412 pompa

405 1423 648 1473 triumphali.

455 1488 501 1526 V.
535 1490 595 1526 52.
627 1487 791 1537 inqenio,
824 1492 981 1526 natura.

454 1553 500 1591 V.
523 1554 582 1590 53.
600 1553 652 1591 Di
673 1552 742 1591 tibi
761 1553 847 1591 dent
867 1566 1002 1599 annos,
1024 1553 1282 1593 Germanicus
1303 1567 1348 1593 eo
1368 1558 1548 1606 tempore
1567 1555 1712 1605 ageba-t
1733 1568 1884 1594 annum

405 1617 792 1656 duodetricesimum.

456 1682 502 1720 V.
538 1685 698 1722 57—53.
736 1682 920 1728 cic-torem,
953 1683 1284 1734 triumphantem.
1322 1708 1364 1712 —
1402 1684 1590 1736 Tarpeias
1609 1716 1615 1723 .
1637 1685 1734 1724 ..in
1766 1698 1882 1732 arces,

402 1745 443 1784 in
469 1746 720 1797 Capitolium,
747 1747 814 1785 ubi
839 1751 923 1786 erat
947 1760 1064 1798 rupes
1090 1749 1268 1799 Tarpeia.
1301 1772 1340 1777 —
1367 1750 1555 1789 coronatis
1573 1780 1581 1788 .
1602 1780 1609 1788 .
1629 1780 1637 1788 .
1655 1751 1774 1802 equis,
1799 1763 1886 1790 cur-

402 1824 492 1850 rum
527 1812 812 1862 triumphantis
848 1812 1063 1851 trahebant
1099 1817 1291 1863 quattuor
1327 1814 1416 1864 equi
1447 1814 1526 1853 albi
1550 1815 1705 1854 coronis
1740 1814 1885 1854 ornati.

455 1876 502 1914 V.
546 1878 707 1915 59—60.
749 1881 867 1928 pater,
911 1877 1102 1924 Tiberius,
1145 1882 1259 1929 pater
1300 1879 1515 1930 adoptivus
1557 1879 1794 1919 Germanici.
1839 1902 1884 1908 —

402 1940 499 1986 suis,
533 1954 585 1979 sc.
620 1941 721 1979 filiis.

455 2006 501 2044 V.
532 2007 592 2043 61.
622 2010 785 2058 toqaque,
813 2006 852 2044 in
884 2019 995 2057 pace3
1024 2011 1117 2057 toga
1147 2007 1252 2046 enim
1280 2012 1338 2046 cst
1367 2008 1492 2047 vestis
1521 2009 1641 2060 paciS,
1671 2012 1717 2048 ut
1745 2022 1886 2061 sagum

403 2069 525 2108 vestis
565 2070 714 2109 bellica.
756 2071 1012 2110 Germanicus
1051 2072 1246 2111 excellens
1285 2077 1369 2111 erat
1408 2073 1529 2112 etiam
1568 2074 1676 2124 pacis
1713 2074 1884 2114 artibus:

404 2138 538 2172 orator
562 2135 688 2173 bonus
713 2140 752 2174 et
777 2140 893 2186 poeta
920 2137 1141 2187 praeclarus,
1163 2137 1229 2187 qui
1255 2138 1366 2176 Arati
1391 2151 1549 2177 carmen
1573 2138 1886 2178 astronomicum

403 2197 445 2237 in
487 2199 675 2237 Latinum
718 2200 979 2251 pulcherrime
1019 2202 1154 2240 vertit.

455 2264 502 2302 V.
535 2266 594 2302 64.
627 2265 799 2315 Sufficiet
818 2296 826 2303 .
847 2296 854 2303 .
875 2296 883 2303 .
901 2265 936 2304 si
955 2296 962 2304 .
983 2296 990 2303 .
1011 2297 1018 2304 .
1037 2266 1115 2305 vita
1146 2267 1272 2313 malis,
1304 2267 1335 2306 si
1365 2268 1448 2307 haec
1480 2268 1584 2306 mala
1614 2268 1715 2307 ferre
1745 2271 1886 2320 potero

404 2327 534 2366 vivus.

456 2393 503 2431 V.
540 2394 701 2431 65—66.
738 2395 926 2440 Ιηώιιενο,
963 2408 1017 2434 sc.
1054 2396 1245 2446 sanguine
1280 2409 1380 2435 meo.
1421 2420 1463 2424 ——
1500 2397 1710 2448 Scythicas,
1746 2398 1796 2437 cf.
1833 2397 1886 2437 ad

406 2455 523 2495 Trist.
552 2458 627 2495 III.
654 2462 690 2497 4.
717 2460 777 2496 46.
808 2483 850 2486 —
878 2460 996 2506 Getes,
1024 2461 1073 2499 cf.
1101 2461 1151 2498 ad
1178 2461 1296 2499 Trist.
1324 2461 1401 2500 III.
1429 2463 1464 2507 3,
1492 2462 1527 2500 6.

456 2522 502 2559 V.
538 2524 698 2561 (ΒΤ-(58.
733 2524 884 2563 dabitur
915 2529 981 2563 tua
1014 2525 1143 2564 laurea
1177 2526 1340 2577 templi-3,
1374 2526 1646 2577 triumphator
1678 2527 1884 2579 triumpho

405 2590 566 2636 peracto
583 2601 767 2625 minui-am
786 2602 899 2627 suam
915 2589 1091 2628 lauream
1109 2590 1292 2641 deposuit
1309 2590 1347 2629 in
1366 2592 1448 2630 aede
1466 2591 1574 2630 Iovis
1592 2592 1818 2643 Capitolini.
1839 2614 1884 2621 —-

404 2649 544 2689 Omina
582 2652 664 2691 bis.
686 2683 693 2690 .
715 2683 721 2690 .
741 2667 837 2699 vvcra,
875 2654 1040 2704 praedixi
1075 2655 1180 2693 enim
1216 2659 1254 2693 et
1290 2659 1331 2694 te
1365 2656 1710 2707 triumphaturum
1746 2659 1786 2696 et
1820 2668 1885 2696 me

404 2713 510 2754 hunc
541 2716 788 2767 triumphum
819 2719 994 2758 carmine
1023 2719 1344 2770 praedicaturum.
