1990 3271
1529 330 1573 363 25

137 455 183 494 V.
204 455 367 494 27-28.
387 452 597 503 Scythicas,
619 453 668 491 cf.
691 452 741 490 ad
763 451 884 490 Trist.
907 451 983 490 III.
1005 454 1041 496 4,
1062 452 1123 489 46.
1149 475 1191 479 -
1215 452 1400 501 Quattuor
1418 456 1570 491 autum-

78 532 167 566 ms,
195 518 454 569 cogitandum
481 517 529 556 de
556 521 752 555 autumno
779 515 873 554 anni
901 529 940 566 p.
969 516 1058 555 Chr.
1087 529 1125 553 n.
1155 517 1216 554 12.
1248 539 1290 544 —-
1316 515 1449 555 Pleias
1475 521 1569 563 orta,

80 585 137 625 cf.
157 583 257 623 Plin.
277 582 325 621 N.
344 583 396 621 H.
415 582 571 621 XVIII.
590 583 651 627 69,
669 583 758 620 28οε
774 580 970 629 «Vergiliae
990 579 1029 630 (i.
1048 593 1080 618 e.
1099 580 1293 630 Pleiades)
1315 610 1323 618 .
1343 611 1351 618 .
1372 611 1379 618 .
1398 593 1569 631 quarum

87 651 229 688 exortu
254 650 369 687 aestas
394 646 586 697 incipiat».
616 669 659 674 -
683 645 827 691 Pleias,
854 645 904 684 cf.
931 657 1050 695 supra
1076 644 1127 683 ad
1154 644 1185 683 Ι.
1212 647 1248 691 5,
1275 646 1337 684 82.

135 713 182 752 V.
207 714 268 751 32.
293 716 397 757 nata,
423 712 472 750 cf.
499 711 549 749 ad
574 709 691 748 Trist.
719 710 750 748 Ι.
775 711 812 755 3,
839 711 899 748 19.

135 777 182 817 V.
218 777 380 815 35—36.
417 788 602 814 marmore
637 779 729 813 tecta
763 774 918 819 theatra,
956 787 1126 824 quorum
1162 773 1335 825 parietes
1372 787 1569 813 marmore

77 845 196 882 erant
227 840 336 880 tecti.
366 863 408 868 —-
441 844 589 892 oequata
619 839 813 891 porticus.
834 869 842 876 .
864 869 871 877 .
891 839 1017 883 humo,
1050 838 1118 877 ubi
1151 838 1355 877 ambulare
1386 839 1568 878 solebant

83 905 268 946 Romani.
300 905 436 946 Solum
467 904 696 956 porticuum
739 903 918 955 cylindro
951 907 1035 941 erat
1069 907 1289 953 aequatu1n;
1323 904 1373 942 cf.
1408 904 1566 942 Vitruv.

82 971 136 1011 X.
166 972 202 1016 2,
234 972 298 1009 12:
325 969 384 1008 «in
414 969 608 1020 palaestris
638 969 817 1020 cylindro
848 972 1058 1018 exaequant
1091 968 1412 1007 ambulationes».

133 1035 180 1075 V.
211 1036 375 1075 37—38.
404 1034 558 1086 Campi,
589 1034 720 1085 campi
752 1033 904 1079 Martii;
936 1034 985 1071 cf.
1017 1033 1067 1071 ad
1099 1033 1216 1071 Trist.
1249 1033 1326 1071 III.
1357 1035 1393 1078 2,
1427 1034 1487 1072 19.
1523 1057 1565 1061 -

79 1100 258 1153 pulchros
291 1099 498 1151 spectantis
531 1098 576 1137 in
610 1099 744 1144 hortos,
781 1111 922 1148 campo
958 1097 1102 1137 Martio
1137 1097 1294 1136 vicinus
1329 1102 1413 1136 erat
1452 1097 1568 1137 Collis

83 1165 318 1210 Hortorum,
350 1163 420 1202 ubi
451 1164 589 1202 hortos
621 1164 825 1202 habebant
859 1162 1004 1201 divites
1037 1162 1223 1201 Romani.
1262 1186 1303 1190 —
1338 1163 1566 1214 Stagnaque,

81 1229 190 1269 lacus
223 1233 308 1267 arte
339 1228 448 1268 facti.
486 1252 527 1256 —
563 1228 704 1280 euripi,
737 1229 850 1266 fossae
883 1240 1079 1277 aquarum
1112 1231 1198 1265 arte
1230 1228 1360 1266 factae.
1397 1250 1440 1255 —
1478 1227 1566 1267 Vir-

79 1294 284 1346 9ineusque
311 1293 445 1346 liquor,
472 1294 522 1332 cf.
550 1293 600 1331 ad
627 1293 744 1331 Trist.
773 1292 850 1331 HI.
879 1294 939 1337 12,
966 1293 1027 1330 22.

131 1359 179 1397 V.
225 1359 388 1396 41—42.
431 1358 610 1409 Ruraque
652 1357 1020 1408 Poeliyno...solo,
1069 1360 1236 1407 paterna
1282 1369 1372 1394 rura
1421 1355 1567 1402 Ovidii,

75 1423 149 1474 -qm'
169 1426 288 1461 natus
309 1426 367 1461 est
386 1422 574 1462 Sulmone
593 1422 634 1460 in
655 1422 850 1472 Paelignis.
877 1445 918 1449 -—
942 1421 1224 1473 conspicienda,
1248 1425 1414 1472 aspectu
1435 1421 1566 1471 digna,

113 1488 261 1527 ulchra.

84 1502 110 1540 p
131 1553 178 1591 V.
200 1554 364 1591 43—44.
386 1551 568 1604 piniferis
589 1551 731 1603 positos
754 1551 796 1590 in
816 1551 979 1590 collibus
1000 1551 1136 1596 hortos,
1160 1551 1209 1589 cf.
1234 1550 1284 1588 ad
1308 1550 1426 1589 Trist.
1450 1551 1482 1589 Ι.
1508 1552 1568 1596 11,

76 1618 244 1657 ’37-38,
280 1640 323 1644 -
358 1616 594 1655 Flaminiae.
616 1647 623 1654 .
645 1647 652 1654 .
671 1616 756 1662 vioe,
788 1629 875 1666 quae
907 1629 976 1667 per
1007 1629 1197 1666 campum
1226 1615 1419 1653 Martium
1451 1614 1567 1654 duxit

76 1681 121 1721 in
150 1681 353 1720 Etruriam
381 1694 507 1731 usque
536 1681 587 1719 ad
618 1681 856 1719 Ariminum.
890 1704 932 1708 —
962 1680 1111 1726 Clodia,
1142 1693 1195 1719 sc.
1226 1680 1306 1725 via,
1333 1693 1420 1730 quae
1450 1693 1473 1718 a
1501 1679 1569 1718 via

77 1745 276 1787 Flaminia
300 1746 342 1784 in
367 1759 509 1796 campo
535 1745 680 1784 Martio
708 1746 911 1784 divertens
939 1745 1052 1783 duxit
1080 1745 1231 1784 Lucam
1255 1744 1297 1782 in
1323 1744 1498 1784 Etruria.

134 1811 182 1850 V.
219 1813 279 1849 51.
316 1810 600 1862 pendentis...
631 1824 727 1862 impe
763 1810 941 1862 capellas,
979 1811 1029 1848 cf.
1055 1810 1171 1860 Verg.
1207 1810 1292 1849 Ecl.
1330 1810 1362 1848 I.
1400 1811 1463 1849 73:
1497 1809 1570 1848 «ite

77 1875 256 1927 capellae.
297 1875 387 1914 Non
426 1888 496 1925 ego
534 1889 606 1914 vos
645 1876 811 1926 posthac
832 1905 839 1912 .
860 1905 867 1912 .
889 1905 896 1912 .
915 1875 1092 1913 Dumosa
1132 1874 1304 1925 pendere
1343 1873 1481 1925 procul
1521 1874 1569 1912 de

80 1953 181 1991 rupe
207 1940 380 1979 videbo».

131 2005 178 2044 V.
208 2007 268 2043 54.
296 2005 449 2043 Ducam
473 2004 659 2044 ruricolas
685 2005 754 2043 sub
780 2004 869 2055 iuqa
897 2017 1010 2043 curva
1039 2004 1158 2049 boves,
1186 2004 1236 2042 cf.
1267 2003 1411 2041 Tibull.
1441 2003 1475 2042 I.
1506 2005 1569 2049 10,

81 2072 146 2109 45;
172 2069 318 2108 «Duxit
346 2072 526 2108 araturos
555 2069 628 2108 sub
656 2069 745 2119 iuga
776 2069 909 2120 panda
938 2069 1090 2114 boves»;
1122 2069 1196 2108 Ov.
1227 2069 1316 2107 Am.
1347 2068 1378 2107 I.
1411 2069 1471 2113 13,
1502 2069 1567 2107 16:

75 2133 232 2174 «Prima
258 2146 378 2173 vocas
415 2135 552 2173 tardos
579 2134 652 2173 sub
678 2134 770 2184 iuga
796 2134 928 2185 panda
956 2134 1094 2172 boves»
1120 2137 1159 2172 et
1185 2134 1282 2172 Her.
1311 2134 1347 2179 6,
1376 2135 1440 2172 10:
1467 2133 1569 2172 «Isse

79 2211 214 2239 :sacros
248 2198 388 2238 Martis
423 2199 496 2238 sub
530 2199 623 2249 iuga
657 2199 791 2250 panda
826 2199 976 2237 boves».

131 2264 181 2302 V.
213 2265 273 2302 58.
303 2267 416 2309 mota,
447 2277 499 2302 sc.
531 2277 605 2314 ope
635 2263 772 2302 aratri.

132 2329 180 2367 V.
208 2329 269 2366 64.
297 2329 449 2367 Nerunt
474 2328 611 2378 fatales
636 2328 751 2378 fortia
780 2328 845 2379 fila
874 2329 964 2373 dece,
992 2328 1018 2366 i.
1048 2341 1079 2366 e.
1109 2340 1191 2366 sors
1219 2327 1294 2366 tibi
1321 2327 1570 2366 stabiliorem

79 2393 287 2432 fortunam
319 2393 442 2439 dedit,
476 2406 598 2443 quam
630 2393 740 2432 mihi.
778 2417 821 2421 —
856 2393 992 2442 fatales
1011 2423 1019 2431 .
1039 2393 1184 2438 ..deoe,
1218 2392 1364 2437 Parcae,
1395 2390 1567 2443 Μοῖραι,

81 2470 173 2508 quae
205 2457 316 2496 filum
347 2457 422 2496 fati
453 2462 564 2496 nent.

132 2521 180 2560 V.
208 2522 370 2560 65—66.
399 2536 572 2574 campus,
600 2523 652 2562 cf.
681 2536 799 2573 supra
829 2523 879 2561 ad
905 2536 965 2560 vs.
994 2524 1055 2562 37.
1087 2545 1130 2549 —
1159 2521 1342 2574 porticus,
1371 2522 1422 2560 cf.
1450 2533 1571 2572 supra

78 2586 135 2626 ad
165 2598 224 2624 vs.
256 2587 318 2625 36.
354 2610 397 2614 ——
430 2587 556 2639 ponis,
589 2587 801 2627 consumis.
837 2611 880 2615 —
914 2592 1082 2639 tempora
1112 2600 1215 2632 rara,
1245 2587 1413 2627 Severus
1444 2585 1569 2636 igitur

80 2663 163 2690 non
202 2650 376 2689 multum
415 2651 606 2702 temporis
645 2651 888 2703 impendisse
927 2651 1088 2690 videtur
1129 2651 1367 2701 eloquentiae
1408 2650 1567 2696 forensi,

81 2713 109 2754 i.
147 2727 180 2754 e.
218 2715 347 2754 causis
384 2716 558 2766 agendis.

133 2779 181 2818 V.
217 2780 380 2820 67—68.
420 2780 582 2820 Umbria
614 2795 720 2820 nunc
754 2785 911 2827 revocat,
947 2785 1031 2819 erat
1067 2781 1237 2819 fortasse
1271 2779 1401 2830 patria
1435 2778 1570 2820 Severi
