1990 3271
1543 280 1584 314 81

163 406 210 445 V.
239 407 351 443 3—4.
373 403 592 444 Caesaribus
618 402 745 447 vilem,
769 404 819 440 cf.
843 402 892 440 ad
918 402 1035 440 Trist..
1062 402 1092 439 I.
1119 404 1152 447 1,
1176 404 1237 440 20.
1266 424 1306 429 -
1331 402 1442 441 Sexto
1463 402 1590 441 debere

111 472 283 515 salutem,
305 470 354 508 cf.
377 481 495 519 supra
518 468 568 506 ad
592 467 659 506 IV.
685 471 720 512 5,
743 468 803 505 34.
830 489 871 493 —
895 480 918 504 a
938 466 1102 517 superis,
1125 471 1214 516 post
1235 480 1409 517 superos.

164 536 210 574 V.
240 537 275 573 8.
297 534 449 573 Punica
471 564 478 571 .
500 564 507 571 .
528 545 684 583 prema,
707 531 732 570 i.
757 544 789 569 e.
814 544 935 581 grana
961 531 1053 569 mali
1078 531 1214 569 Punici
1238 531 1320 569 sive
1343 532 1511 581 granati.

165 601 211 639 V.
241 602 378 638 9—10.
407 598 544 646 Africa
567 602 654 649 quot
678 601 822 647 seyetes,
849 598 899 635 cf.
925 597 976 634 ad
1003 595 1056 634 ΙΙ.
1083 598 1118 640 Τ,
1144 598 1204 634 25.
1234 618 1275 623 —
1306 596 1454 634 Tmolia
1480 602 1588 643 terra,

114 666 287 709 Tmolus,
319 677 431 702 mons
462 662 611 713 Lydiae,
636 662 730 700 vino
755 661 895 700 clarus.
931 683 972 687 —
1006 661 1161 711 Sicyon,
1193 661 1285 699 urbs
1315 661 1423 699 haud
1455 661 1590 712 procul

115 744 138 769 a
167 729 355 769 Corintho
383 729 473 774 sita,
501 727 656 766 olivetis
687 727 804 765 clara.
837 748 879 753 —
908 725 1031 771 bacas,
1059 739 1112 764 sc.
1140 726 1266 764 olivae.
1299 748 1341 753 —
1369 726 1510 777 Hybla,
1538 727 1587 765 cf.

115 796 165 834 ad
195 795 311 833 Trist.
342 794 387 832 V.
418 794 453 838 6,
482 793 645 831 37—38.

165 860 212 899 V.
243 860 402 898 11—12.
427 862 552 897 testere
575 857 670 902 lieet,
693 857 718 894 i.
742 870 774 895 e.
797 857 888 895 lieet
911 856 984 895 tibi
1008 860 1129 894 testes
1152 856 1352 894 adhibere.
1379 878 1421 883 —
1444 855 1590 907 siymzte

115 925 294 974 Quirites,
311 924 336 962 i.
353 937 386 962 e.
404 923 524 968 cives,
541 922 774 961 confirmate
789 921 1075 960 confessionem
1091 934 1221 959 meam
1237 921 1362 971 sigillo
1378 925 1523 960 vestro.
1544 942 1587 948 —

113 990 235 1040 leyum
259 989 416 1034 viribus,
442 987 671 1026 testimonio
697 987 884 1037 legitimo.

165 1055 211 1093 V.
243 1055 403 1093 15—16.
437 1058 503 1091 tua
538 1052 742 1091 Trinacria
773 1057 826 1091 est
858 1056 1080 1103 reynataque
1112 1056 1210 1089 terra
1237 1051 1439 1102 Philippo,
1472 1051 1587 1090 Pom-

114 1119 224 1170 peius
251 1119 371 1169 igitur
399 1118 662 1169 possessiones
690 1117 831 1156 habuit
858 1117 899 1155 in
925 1117 1057 1156 Sicilia
1084 1121 1123 1155 et
1151 1116 1396 1155 Macedonia.
1429 1138 1470 1143 —
1503 1115 1587 1154 Tri.-

113 1184 262 1230 mzeria,
283 1184 430 1229 Sicilia;
452 1185 503 1222 cf.
526 1196 643 1233 supra
669 1183 719 1220 ad
743 1183 796 1220 Π.
822 1184 881 1228 10,
904 1184 965 1221 22.
988 1186 1027 1220 et
1051 1181 1168 1219 Trist.
1191 1181 1238 1219 V.
1263 1183 1323 1226 13,
1345 1183 1406 1220 22.
1433 1203 1475 1208 —-
1497 1180 1590 1220 Phi-

115 1250 235 1301 lippo,
278 1249 498 1299 Philippus,
541 1261 610 1286 rex
651 1247 904 1292 Macedoniae,
946 1252 1060 1298 pater
1101 1246 1315 1285 Alexandri
1355 1245 1501 1296 Magni.
1547 1266 1589 1273 —·

113 1315 249 1353 domus
292 1314 465 1364 Augusto
506 1313 729 1351 continuata
769 1313 862 1362 soro,
906 1313 1046 1351 (lomus
1089 1312 1253 1362 Pompei
1295 1313 1380 1350 foro
1423 1310 1591 1361 Augusti

112 1379 244 1419 vicina
265 1379 420 1424 Romae3
441 1380 490 1417 cf.
512 1378 562 1416 ad
585 1378 653 1416 IV.
676 1382 710 1423 5,
734 1380 792 1416 10.
818 1401 859 1404 —
882 1378 1118 1422 continuata,
1139 1377 1284 1415 vicina.

163 1444 210 1482 V.
242 1446 301 1483 17.
325 1443 559 1495 Campania,
582 1443 724 1481 habuit
744 1443 866 1493 igitur
888 1442 1100 1493 Pompeius
1124 1442 1386 1492 possessiones
1408 1441 1530 1479 etiam
1549 1440 1590 1478 in

113 1509 344 1559 Campania.

164 1574 211 1613 V.
242 1575 302 1612 19.
338 1586 493 1613 munere
528 1573 640 1619 tristi,
666 1587 810 1612 munus
845 1574 960 1612 triste
995 1577 1054 1611 est
1090 1577 1207 1623 poeta
1244 1573 1328 1622 ipse
1363 1570 1593 1610 calamitate

111 1639 303 1678 afflictus.

162 1703 210 1742 V.
238 1705 301 1742 21.
327 1703 496 1742 amicius
521 1716 667 1749 (mmm,
693 1704 743 1742 cf.
770 1703 820 1741 ad
848 1703 879 1741 I.
907 1705 942 1749 1,
968 1704 1029 1742 79.

162 1768 210 1806 V.
239 1769 402 1807 23—24.
437 1769 480 1808 in
513 1768 586 1813 dis,
621 1768 851 1807 Caesaribus.
888 1791 929 1795 -—
964 1768 1156 1813 Numina,
1191 1767 1392 1806 Tiberium
1423 1770 1462 1804 et
1495 1778 1590 1816 prae-

111 1833 226 1884 cipue
269 1833 461 1872 Caesarem
504 1833 797 1879 Germanicum,
840 1834 902 1871 eui
945 1833 1158 1883 Pompeius
1201 1837 1283 1871 erat
1327 1831 1589 1882 gratissimus3

111 1898 162 1937 cf.
187 1911 308 1948 supra
336 1897 404 1936 IV.
432 1902 466 1943 5,
492 1899 655 1937 23—26.

161 1962 208 2001 V.
238 1964 403 2001 25—26.
425 1963 580 2002 Erroris
600 1995 607 2001 .
629 1994 635 2001 .
657 1963 816 2009 ‚nostr-i,
839 1964 887 2002 ef.
912 1964 962 2001 ad
986 1963 1103 2001 Trist.
1128 1963 1159 2001 I.
1182 1964 1218 2008 2,
1240 1965 1301 2001 99.
1329 1985 1370 1989 ——
1394 1962 1460 2001 Sis
1481 1974 1590 2012 arqu-

110 2032 292 2072 mentum,
316 2027 341 2065 i.
363 2040 396 2066 e.
422 2033 468 2066 tu
493 2041 532 2066 es
557 2029 670 2067 testis
694 2028 854 2079 culpam
877 2041 1008 2067 meam
1032 2041 1203 2067 errorem
1227 2041 1322 2073 esse,
1346 2041 1427 2066 non
1451 2027 1588 2065 scelus.

161 2091 208 2131 V.
238 2093 300 2131 27.
325 2092 516 2141 flumine.
539 2124 545 2131 .
567 2093 767 2139 .seoundo,
792 2106 845 2132 sc.
869 2094 1167 2143 navigantibus.

161 2157 208 2195 V.
237 2158 299 2195 34.
317 2157 415 2208 Ipsa
434 2158 557 2197 locum
574 2172 641 2209 per
657 2171 694 2197 se
713 2158 835 2197 littera
852 2163 982 2197 nostra
998 2163 1113 2210 φοραί,
1132 2171 1202 2209 pro
1220 2163 1322 2210 roqat
1337 2157 1590 2196 scribendum

109 2222 271 2261 videtur
292 2227 413 2268 notat3
435 2223 460 2261 i.
484 2237 516 2262 e.
541 2223 674 2261 littera
698 2236 785 2262 mea
806 2223 891 2274 ipsa
915 2237 986 2274 per
1007 2236 1048 2262 se
1069 2223 1206 2263 scribit
1228 2236 1319 2262 eum
1341 2223 1471 2261 locum
1493 2221 1532 2272 (i.
1556 2234 1588 2260 e.

111 2299 200 2325 eam
224 2288 395 2338 partem)
422 2288 612 2339 epistolae,
638 2288 706 2327 ubi
731 2289 988 2327 eontinentur
1012 2302 1158 2339 preces.

160 2351 209 2390 V.
238 2352 299 2390 36.
327 2352 452 2398 Dura,
489 2353 669 2392 crudelis.
701 2375 744 2380 —
769 2353 891 2403 qelido
912 2385 920 2393 .
942 2385 950 2393 .
974 2385 980 2392 .
1008 2354 1078 2393 sub
1104 2366 1188 2401 axe,
1214 2353 1288 2392 sub
1316 2352 1406 2404 polo
1432 2355 1587 2402 septen-

110 2416 271 2455 trionali
298 2417 394 2456 eaeli.

161 2481 209 2519 V.
238 2483 299 2520 40.
323 2483 450 2528 Getas,
474 2483 524 2521 cf.
549 2484 599 2521 ad
623 2483 742 2522 Trist.
768 2484 844 2522 ΠΙ.
869 2485 905 2529 3,
929 2485 964 2523 6.

161 2545 208 2584 V.
237 2548 400 2585 41—42.
432 2552 725 2600 servatoremque
755 2549 905 2594 salutis,
938 2550 988 2588 ef.
1022 2549 1073 2587 ad
1105 2549 1174 2588 IV.
1207 2552 1242 2594 5,
1274 2550 1335 2587 34.
1371 2569 1414 2574 —
1446 2547 1586 2597 Meque

111 2615 221 2649 tuum
247 2611 344 2650 libra
370 2612 472 2651 norit
500 2617 533 2651 et
559 2626 630 2652 aere
655 2614 800 2659 minus,
827 2614 853 2652 i.
882 2627 914 2653 e.
943 2627 1007 2653 me
1034 2614 1156 2652 etiam
1182 2614 1266 2653 sine
1293 2611 1586 2662 mancipatione

111 2687 195 2714 esse
229 2679 358 2715 tuum.
397 2677 551 2716 Alludit
588 2678 639 2717 ad
675 2679 905 2718 sollemnem
941 2678 1246 2729 mancipationis
1285 2676 1511 2728 (emptionis
1547 2678 1586 2715 et

109 2740 367 2792 venditionis)
398 2742 564 2782 modum
593 2756 662 2794 per
689 2756 740 2782 aes
770 2744 928 2794 (assem)
959 2748 999 2783 et
1027 2744 1170 2782 libram
1198 2756 1248 2782 ex
1273 2743 1357 2781 iure
1385 2741 1584 2785 Romanoe

179 2834 356 2870 Ne‘methy:
376 2837 422 2863 Ad
445 2837 549 2866 Ovidii
570 2838 736 2871 Epistulas
756 2846 798 2866 ex
818 2838 926 2865 Ponto.
1424 2826 1445 2857 6
