1990 3271
1520 293 1560 325 :31

633 518 720 558 Lib.
744 520 806 558 ΙΙ.
831 520 943 571 epist.
968 522 1005 560 2.

603 617 676 660 Ad
706 616 1028 663 Messalinum.

126 727 187 766 Ad
214 728 383 766 eundem
411 742 529 778 supra
559 729 589 766 Ι.
619 731 670 774 7.,
700 730 765 767 ubi
795 731 844 768 cf.
873 731 964 768 adn.

123 792 171 831 V.
199 794 309 830 1—2.
336 793 476 843 primis
495 823 503 830 .
525 823 532 830 .
553 824 560 830 .
579 794 624 831 ab
650 794 779 839 annis,
807 796 856 833 cf.
885 795 934 833 ad
963 796 993 833 I.
1023 798 1058 841 7,
1085 798 1248 836 27—28.
1280 821 1321 825 —
1350 805 1554 847 venerator,

67 857 122 897 cf.
147 869 267 907 supra
291 857 340 894 ad
366 857 396 895 I.
422 859 457 902 2,
484 859 544 895 51.
574 881 614 885 —
642 859 691 897 acl
714 859 891 898 Euoeini.
914 890 920 897 .
943 860 1141 907 ..sinis-tra,
1167 863 1216 900 cf.
1242 863 1292 901 ad
1317 863 1434 902 Trist.
1461 865 1492 903 I.
1517 867 1554 911 2,

69 923 133 961 83.
173 944 216 948 —
252 921 352 970 freti,
390 921 521 960 maris.

122 986 170 1025 V.
203 987 316 1024 3—4.
350 986 523 1032 salutem,
560 987 685 1036 Quam
717 989 852 1027 solitus
886 1003 1055 1040 prsesens
1088 995 1140 1029 est
1174 991 1243 1030 tibi
1275 992 1382 1041 ferre,
1418 994 1467 1032 cf.
1504 994 1555 1033 ad

73 1050 105 1091 I.
130 1053 167 1096 7,
192 1051 356 1089 24—26.
386 1074 428 1078 —
455 1051 569 1097 Getis,
596 1053 645 1090 ef.
672 1053 722 1090 ad
749 1053 865 1091 Trist.
894 1054 969 1092 ΠΙ.
995 1056 1030 1100 3,
1057 1056 1091 1092 6.

121 1115 168 1154 V.
199 1118 234 1153 5.
263 1115 430 1161 nomine,
460 1128 513 1154 sc.
545 1117 731 1155 auctoris,

121 1179 168 1218 V.
192 1181 228 1218 9.
252 1179 289 1218 si
307 1180 445 1219 Pelion
469 1180 566 1219 Ossa
589 1181 747 1227 tulisset,
772 1183 892 1221 Hom.
919 1183 993 1222 Od.
1020 1184 1094 1222 XI.
1120 1185 1206 1223 315.
1232 1198 1318 1236 sqq.
1343 1191 1480 1226 narrat
1505 1188 1554 1227 de

70 1243 232 1289 Aloidis,
259 1244 337 1284 Oto
362 1248 400 1283 et
425 1245 626 1296 Ephialte:
647 1241 809 1286 ’Ὄσσαν
841 1243 901 1286 ἐπ”
940 1243 1147 1300 [Ιὺλύμπῳ
1177 1249 1374 1302 μέμασαν
1409 1248 1553 1303 θέμεν,

64 1304 206 1361 αὐτὰρ
250 1304 314 1347 ἐπ’
341 1304 479 1364 ’Ὁσσῃ
525 1303 679 1364 Πήλιον
718 1309 1020 1363 εἰνοσίφυλλον,
1053 1309 1096 1352 ἵν’
1132 1310 1317 1366 Οὐρανὸς
1365 1311 1554 1368 ἀμβατὸς

73 1371 150 1428 εἴη.
183 1374 299 1413 Hanc
333 1375 511 1413 fabulam
536 1376 587 1414 ad
613 1376 801 1426 Gigantes
826 1378 1117 1417 transtulerunt
1144 1380 1209 1418 alii
1235 1384 1374 1431 poetae,
1401 1385 1446 1420 ut
1473 1383 1549 1422 Ov.

66 1438 163 1478 Met.
190 1438 222 1477 I.
249 1440 338 1477 152:
361 1440 600 1479 «Asfectasse
632 1442 765 1479 ferunt
798 1455 964 1492 regnum
987 1444 1140 1482 oaeleste
1164 1445 1354 1494 Gigantas
1378 1447 1552 1498 Altaque

67 1506 274 1554 congestos
307 1504 498 1543 struxisse
531 1506 581 1543 ad
617 1506 745 1544 sidera
780 1511 962 1546 montes».
998 1532 1039 1535 —
1075 1508 1212 1548 Pelion
1247 1510 1356 1557 Ossa,
1394 1516 1550 1552 montes

65 1567 288 1607 Thessaliae.

117 1633 165 1672 V.
198 1634 360 1672 11—12.
391 1634 622 1681 Enceladus,
655 1649 757 1674 unus
791 1636 1009 1687 Gigantum
1040 1638 1181 1677 eaelum
1213 1641 1548 1690 oppugnantium,

67 1709 92 1736 a
119 1697 214 1736 Iove
239 1698 406 1736 fulmine
431 1698 534 1738 ictus
561 1703 601 1738 et
628 1701 701 1739 sub
730 1702 859 1739 Aetna
886 1706 1023 1741 monte
1050 1704 1240 1754 sepultus.
1274 1728 1316 1732 —
1345 1706 1397 1744 In
1423 1719 1553 1745 rerum

66 1761 267 1801 dominos.
287 1763 439 1809 ..deos,
478 1767 524 1802 ut
562 1777 681 1815 supra
719 1766 751 1804 I.
790 1767 826 1812 9,
864 1768 928 1805 35:
965 1767 1194 1806 «Terrarum
1233 1769 1441 1816 dominos»,
1479 1771 1549 1810 ubi

67 1827 118 1866 cf.
151 1826 242 1864 adn.
277 1849 321 1854 —
352 1841 491 1873 rerum,
524 1829 674 1867 mundi.

119 1891 167 1930 V.
198 1892 257 1929 13.
290 1891 449 1942 Tydidae
478 1894 676 1932 temeraria
703 1895 863 1941 cleoetera,
894 1896 1018 1946 Tydei
1046 1896 1160 1943 filius,
1191 1898 1415 1945 Diomedes,
1445 1900 1548 1940 bello

64 1954 236 1994 Troiano
264 1956 435 1994 Martem
466 1961 504 1995 et
535 1958 727 1997 Venerem
757 1960 995 1998 vulneravit.

115 2020 163 2059 V.
189 2022 249 2060 17.
274 2020 346 2059 Nil
374 2021 455 2060 nisi
487 2035 565 2061 non
599 2024 768 2075 sapiens,
794 2025 843 2063 cf.
870 2026 919 2063 ad
946 2026 1063 2064 Trist.
1091 2027 1122 2064 I.
1148 2029 1183 2073 2,
1211 2030 1295 2066 100.
1341 2051 1383 2056 —
1424 2029 1546 2068 Timi-

62 2084 219 2137 dusque,
241 2085 290 2124 cf.
307 2085 423 2124 T1ist.
447 2086 515 2125 IV.
530 2089 565 2133 4,
580 2089 643 2126 39:
664 2089 762 2127 «Aut
782 2089 902 2128 timor
921 2094 991 2128 aut
1013 2104 1119 2129 error
1138 2092 1264 2138 nobis,
1286 2093 1393 2143 prius
1415 2094 1547 2134 obfuit

61 2161 196 2188 error».

113 2213 161 2253 V.
183 2215 246 2252 21.
267 2227 405 2254 nomen
426 2215 523 2262 Iuli,
547 2229 641 2266 gens
663 2217 780 2264 Iulia;
803 2219 852 2257 cf.
876 2232 995 2269 supra
1018 2220 1049 2258 I.
1074 2222 1107 2266 1,
1131 2222 1192 2259 35.
1216 2225 1255 2260 et
1277 2223 1337 2260 96.

112 2278 160 2317 V.
194 2280 356 2318 25—26.
394 2280 701 2328 Achaemeniden,
736 2283 863 2322 socius
897 2284 1038 2330 Ulixis,
1074 2286 1124 2323 ab
1170 2286 1286 2325 Ulixe
1318 2287 1359 2324 in
1398 2288 1542 2335 Sicilia,

61 2341 105 2381 in
141 2342 271 2382 insula
309 2343 539 2395 Cyclopum,
578 2346 750 2393 relictus,
791 2361 910 2398 quem
948 2353 1089 2399 postea
1128 2351 1280 2389 Aeneas
1318 2351 1358 2389 in
1397 2365 1544 2392 navem

59 2418 176 2447 suam
207 2408 372 2459 recepit3
407 2410 456 2448 cf.
492 2410 608 2461 Verg.
645 2412 741 2450 Aen.
779 2413 855 2451 HI.
892 2414 977 2452 590.
1014 2427 1101 2464 sqq.
1141 2438 1184 2442 -—
1220 2417 1542 2466 Myso...duci,

59 2470 271 2522 Telephum
298 2473 348 2512 cf.
375 2474 426 2512 ad
454 2474 572 2513 Trist.
601 2476 632 2514 I.
662 2478 695 2522 1,
723 2478 912 2517 99—100.
954 2502 996 2506 —
1038 2479 1170 2518 Pelias
1195 2480 1316 2526 hasta,
1344 2482 1394 2520 cf.
1422 2495 1543 2533 supra

57 2536 111 2575 ad
147 2536 179 2575 Ι.
215 2539 252 2583 7,
289 2539 348 2576 52.

108 2600 157 2640 V.
182 2602 345 2640 35—36.
370 2602 516 2642 Versus
540 2605 671 2643 mutili
696 2609 736 2644 et
759 2605 1034 2646 insanabiliter
1058 2609 1247 2659 corrupti,
1273 2609 1314 2647 in
1339 2610 1541 2650 codicibus

58 2664 319 2704 deterioribus
349 2665 408 2705 ita
437 2668 579 2707 reficti:
609 2669 704 2719 «Qui
733 2671 887 2723 rapitur
917 2677 1120 2723 spumante
1150 2674 1231 2712 salo
1262 2687 1332 2713 sua
1365 2675 1541 2715 bracchia

55 2730 223 2776 tendens,
248 2730 416 2782 Porriyit
442 2733 493 2771 ad
517 2734 656 2785 spinas
682 2736 850 2787 duraque
876 2749 973 2775 saza
1000 2750 1151 2776 vienus.
