1990 3271
379 221 421 254 15

429 340 472 377 V.
510 338 671 378 75-76.
708 335 811 373 Exul
846 334 892 371 ab
927 333 1147 377 Hoemon'ia.
1186 332 1303 370 Iason
1339 330 1503 369 insidias
1539 331 1686 382 patrui,
1723 331 1855 378 Peliae,

374 404 508 443 vitans
539 401 657 444 Iolco,
689 412 736 437 ex
765 399 862 436 urbe
891 396 1112 441 Thessaliae,
1145 395 1379 434 Corinthum
1408 395 1524 444 fugit.
1559 419 1601 423 —
1630 396 1854 442 Hoemonia,

375 466 587 507 Thessalia.
627 488 668 492 —
700 463 885 503 Pirenida
907 492 914 499 .
935 462 1039 499 ..ad
1071 461 1228 504 undam,
1264 459 1512 505 Corinthum,
1546 460 1614 498 ubi
1647 465 1733 498 erat
1765 461 1855 499 fons

374 532 532 571 Pirenes
569 528 856 568 c‹:·leb01·ri111us.
899 549 941 554 —
980 525 1303 569 trabs...sacrc1,
1343 525 1460 574 Argo,
1498 524 1613 562 navis
1652 525 1854 574 Argonau-

374 602 508 634 tarum
547 610 565 632 a
608 593 783 632 Minerva
825 594 944 629 facta.
989 613 1030 616 —
1070 589 1424 640 Colcha...aqua,
1465 589 1704 638 Argonautae
1743 588 1854 627 navi·

374 661 524 710 gabant
563 672 631 709 per
669 658 842 695 Pontum
881 654 1085 693 Euxinum
1123 654 1173 691 ad
1212 657 1360 691 terram
1399 653 1626 692 Colchidem
1662 653 1703 691 in
1741 652 1856 693 litore

373 723 555 763 orientali
590 722 713 761 lunius·
740 720 858 759 maris
891 719 1022 757 sitam.

427 789 472 826 Y.
509 790 568 827 77.
608 784 1119 835 :monor-ides...Cadmns,
1157 782 1341 827 Cadmus,
1377 782 1479 821 filius
1515 782 1718 833 Agenoris,
1753 781 1856 832 regis

372 851 598 896 Phoeniciae‚
629 850 785 894 Sidone,
820 862 868 887 ex
899 849 996 886 urbe
1029 846 1241 886 Phoeniciae
1273 847 1540 893 celeberrima,
1574 846 1783 898 navigavit
1814 846 1856 886 in

374 916 587 956 Boeotialn.
616 914 683 952 ubi
713 914 867 952 Thebas
895 912 1086 951 condidit.

428 981 471 1018 V.
502 982 663 1020 79—50.
696 979 858 1029 Tydeus,
887 981 1002 1029 pater
1031 976 1234 1015 Diomedis
1264 976 1476 1027 Calydone,
1506 989 1555 1015 ex
1582 977 1679 1015 urbe
1707 976 1856 1027 patria,

373 1046 425 1084 ol»
448 1045 595 1083 caedem
617 1043 671 1082 ibi
696 1044 847 1082 factam
870 1042 1050 1091 confugit
1074 1042 1198 1091 Argos
1222 1041 1272 1079 ad
1295 1054 1427 1091 regem
1450 1041 1670 1079 Adrastum
1693 1041 1858 1091 eiusque

373 1109 496 1150 filiani
524 1109 639 1147 duxit
666 1121 842 1147 uxorem.
876 1131 918 1134 —
951 1107 1151 1152 Teucrum,
1181 1106 1340 1151 Teucer,
1370 1105 1502 1144 Aiacis
1528 1106 1664 1152 frater,
1693 1118 1716 1144 a
1742 1108 1858 1156 patre

374 1174 586 1214 'Tela-mone
613 1176 775 1224 propter
803 1176 973 1211 mortem
1000 1171 1130 1210 Aiacis
1157 1183 1237 1209 non
1263 1170 1514 1209 vindicatam
1538 1169 1642 1209 irato
1669 1169 1858 1222 expulsus

375 1242 435 1278 est
453 1238 651 1278 Salamine
672 1250 900 1287 novamque
921 1236 995 1275 sibi
1015 1235 1217 1276 Salamina
1238 1235 1419 1274 condidit
1439 1234 1481 1273 in
1501 1234 1632 1274 insula
1654 1234 1786 1286 Cypri.
1811 1257 1856 1263 —-

376 1303 517 1345 Veneri
545 1307 651 1354 yrata
670 1333 678 1340 .
699 1333 706 1340 .
727 1333 734 1340 .
753 1302 905 1348 hzmms,
941 1301 1106 1352 Cyprus,
1140 1299 1210 1338 ubi
1241 1300 1376 1339 Venus
1408 1299 1606 1351 praecipue
1637 1299 1858 1339 colebatur.

425 1368 471 1406 V.
506 1369 566 1406 82.
600 1367 791 1406 Eaeulibus
823 1365 933 1405 tellus
964 1365 1101 1404 ultima
1138 1365 1258 1404 Tibur
1289 1368 1380 1410 erat,
1414 1365 1464 1404 cf.
1499 1364 1608 1403 Fast.
1643 1364 1714 1405 VI.
1748 1365 1854 1403 665:
1883 1401 1888 1404 .

369 1431 519 1471 «Exilio
564 1435 725 1471 mutant
770 1432 911 1470 urbem
957 1430 1157 1480 Tiburque
1201 1429 1408 1469 recedunt:
1455 1428 1633 1468 Exilium
1678 1429 1856 1480 quodam

373 1500 552 1547 tempore
575 1497 695 1535 Tibm·
717 1500 829 1535 erat».
856 1519 899 1523 —
925 1495 1058 1541 Tibur,
1080 1495 1174 1533 urbs
1197 1494 1466 1533 amoenissima
1488 1493 1594 1533 Latii
1614 1506 1696 1533 non
1717 1491 1855 1545 procu]

372 1575 397 1601 a
424 1562 566 1601 Roma.

423 1627 470 1665 V.
500 1628 561 1665 93.
590 1640 732 1665 munus
760 1630 827 1664 tua
851 1625 991 1677 yrande
1020 1624 1206 1669 voluntas,
1237 1623 1515 1663 benevolentia
1543 1626 1615 1662 tua
1642 1627 1856 1674 tamquam

370 1692 520 1742 grande
548 1705 704 1730 munus.

939 1866 1027 1907 Mb.
1053 1867 1091 1906 Ι.
1115 1866 1227 1919 epist.
1251 1867 1288 1906 4.

955 1966 1029 2010 Ad
1060 1980 1272 2011 uxorem.

422 2081 481 2119 De
500 2093 621 2118 uxore
641 2078 774 2119 Ovidii
791 2079 896 2125 vide,
917 2092 1004 2129 quae
1022 2078 1063 2117 in
1082 2077 1369 2118 commentario
1389 2076 1580 2116 Tristium
1598 2090 1636 2128 p.
1657 2077 1745 2116 129.
1765 2087 1853 2127 sqq.

369 2144 636 2196 exposuimus.
664 2145 726 2182 Ad
751 2144 920 2183 eandem
943 2144 1045 2182 infra
1072 2144 1149 2182 III.
1178 2145 1212 2182 1.

421 2210 468 2248 V.
504 2211 538 2248 1.
572 2209 729 2248 deterior
748 2239 755 2247 .
776 2239 784 2247 .
805 2239 812 2247 .
831 2213 935 2255 oetas,
969 2212 1152 2248 senectus
1186 2207 1525 2259 appropinquans.
1563 2229 1606 2234 —
1640 2205 1763 2251 canis,
1798 2217 1852 2245 sc.

367 2273 532 2325 capillis.

421 2339 468 2378 V.
494 2340 554 2378 10.
577 2339 691 2389 Pylio
714 2340 884 2385 Nestore,
910 2338 1068 2384 Nestor,
1093 2337 1293 2377 maximus
1316 2340 1417 2376 natu
1442 2336 1669 2376 Graecorum
1693 2333 1855 2374 Troiam

369 2403 702 2455 oppugnantium,
733 2407 818 2442 erat
845 2416 916 2442 rex
942 2403 1033 2454 Pyli
1059 2403 1100 2441 in
1129 2402 1414 2453 Peloponneso.

422 2468 468 2507 V.
499 2470 558 2506 14.
587 2468 758 2514 senescit,
786 2467 1006 2508 sterilescit.

420 2533 468 2572 V.
510 2534 571 2572 18.
613 2533 772 2586 ltqutdts
790 2563 798 2571 .
818 2563 826 2572 .
846 2563 854 2571 .
880 2532 1018 2572 carebit
1057 2532 1181 2585 aquis,
1222 2530 1378 2582 antiqui
1417 2542 1540 2569 naves
1578 2528 1721 2575 hieme,
1761 2540 1856 2568 cum

368 2597 550 2636 cessabat
581 2597 798 2648 navigatio,
829 2597 871 2636 in
899 2597 994 2636 litus
1025 2597 1234 2636 extrahere
1265 2599 1387 2646 atque
1415 2595 1574 2634 reficere
1603 2593 1800 2633 solebant.

422 2662 468 2700 V.
490 2664 551 2701 23.
572 2662 617 2701 in
635 2663 704 2702 has
724 2663 860 2714 partis,
881 2662 923 2700 in
941 2662 1142 2712 regionem
1161 2660 1282 2700 Ponti
1300 2659 1463 2699 Euxini.
1487 2683 1531 2688 —
1555 2659 1704 2699 Aesone
1722 2661 1853 2704 natus,
