1990 3271
1520 302 1566 335 65

135 431 182 469 V.
214 431 272 468 10.
310 430 486 479 Anyti-sto
506 458 513 465 .
534 457 541 464 .
563 427 681 476 .foro.
706 439 855 464 novum
892 428 1022 463 forum
1056 425 1106 462 ab
1143 426 1322 473 Augusto
1357 424 1564 463 conditum

83 497 199 535 iuxta
224 496 355 532 forum
382 493 625 531 Romanum.
657 513 698 518 —
730 491 905 535 iunctior,
934 489 1104 540 propior,
1132 489 1310 527 vicinior.

135 561 183 599 V.
215 559 377 597 11-12.
396 562 436 596 ui
456 557 499 595 ¹in
518 556 673 608 populo,
693 558 742 594 cf.
763 555 812 593 ad
833 554 951 592 Trist.
971 554 1003 592 Ι.
1026 556 1059 599 1,
1080 556 1139 592 17.
1162 576 1203 580 -
1225 553 1396 591 Nomina
1415 554 1567 605 decepta

80 624 258 678 quaelibet
283 636 375 661 aure
400 623 509 672 ferai,
535 621 561 659 i.
589 634 622 659 e.
648 620 772 659 nolite
797 619 831 657 ei
858 632 991 657 meum
1015 631 1160 657 nomen
1188 618 1328 664 dicere,
1354 619 1421 656 sed
1448 618 1567 658 dicite

85 689 294 741 quodlibet
321 688 429 726 aliud
454 699 613 725 nomen.

135 755 182 793 V.
215 755 273 792 18.
307 752 573 804 Conspicuum
605 750 740 801 siquis,
776 754 963 788 ornatum
997 748 1224 798 sculpturis.
1262 770 1304 775 —
1339 748 1441 794 ebur,
1474 748 1568 787 sella

85 819 233 859 curulis
259 818 378 856 ebore
403 821 558 856 ornata.

135 885 182 923 V.
214 884 274 922 19.
306 882 445 933 populi
475 881 622 920 ‘reditus
652 880 816 931 positam
849 883 1043 931 componet
1074 878 1124 916 acl
1153 878 1313 924 hastam,
1345 877 1487 917 alludit
1517 878 1569 916 ad

84 949 289 988 auct-iones
335 947 566 997 (locationes
609 945 882 995 vectigalium)
928 944 1120 995 publicas.
1167 965 1210 970 —
1255 943 1422 995 positam.
1439 974 1447 982 .
1466 974 1475 982 .
1495 974 1503 982 .
1520 943 1572 982 ad

83 1014 247 1058 hastam,
275 1012 405 1050 defixa
433 1012 549 1050 hasta
578 1014 663 1049 erat
690 1010 797 1061 apud
826 1010 1030 1048 Romanos
1057 1008 1252 1047 auctionis
1278 1009 1448 1058 signum,
1475 1008 1569 1058 quia

85 1077 375 1128 antiquissimis
397 1076 646 1127 temporibus
670 1075 800 1126 praeda
825 1075 965 1113 bellica
987 1074 1220 1125 plerumque
1242 1073 1398 1124 publice
1418 1086 1569 1112 venun-

85 1145 272 1182 dabatur.
302 1142 360 1181 Cf.
387 1141 499 1180 Paul.
526 1141 633 1179 Fest.
659 1153 689 1178 s.
711 1154 749 1178 v.
773 1140 930 1178 Hastoe:
954 1139 1097 1177 «hastae
1122 1138 1371 1177 subiciebant
1398 1151 1456 1184 ea,
1483 1150 1570 1187 quae

85 1208 243 1260 publice
268 1207 590 1245 venimdabant».

136 1273 184 1312 V.
214 1274 275 1311 21.
310 1277 450 1323 patres,
483 1275 699 1309 senatores.
737 1292 778 1296 —
813 1269 920 1308 Iulia
955 1268 1108 1320 templa,
1141 1268 1247 1307 curia
1282 1268 1383 1306 Iulia
1414 1281 1437 1306 a
1470 1267 1571 1306 Iulio

86 1339 238 1378 Caesare
263 1342 392 1375 erecta
420 1342 459 1375 et
485 1336 535 1374 ab
562 1335 787 1374 Octaviano
813 1348 877 1373 an.
905 1348 940 1373 a.
968 1334 1058 1373 Chr.
1082 1346 1123 1371 n.
1149 1335 1210 1372 29.
1236 1337 1477 1379 consecrata,
1502 1332 1571 1371 ubi

87 1407 251 1442 senatus
276 1402 516 1440 habebatur.

136 1468 183 1506 V.
214 1468 275 1506 23.
300 1471 475 1518 natoque,
500 1465 672 1511 Tiberio,
695 1465 777 1503 filio
801 1464 971 1515 Augusti
994 1463 1199 1513 adoptivo.

135 1532 183 1572 V.
213 1533 275 1572 27.
297 1545 320 1570 α
343 1531 490 1582 maym's
510 1561 517 1569 .
538 1561 545 1569 .
569 1561 576 1568 .
597 1530 690 1575 deis,
711 1534 801 1580 post
822 1542 987 1579 magnos
1008 1529 1114 1574 deos,
1133 1528 1159 1566 i.
1181 1542 1213 1566 e.
1236 1532 1325 1579 post
1346 1529 1573 1578 Augustum

86 1601 126 1637 et
155 1597 372 1636 Tiberium.

137 1662 187 1701 V.
217 1663 279 1700 32.
312 1661 434 1711 Quam
468 1661 580 1712 prius
611 1674 632 1698 a
665 1660 752 1698 miti
781 1660 933 1699 Coesczre
964 1672 1109 1697 munus
1139 1658 1258 1704 habet,
1291 1659 1340 1697 cf.
1373 1658 1423 1696 ad
1455 1657 1573 1696 Trist.

88 1727 119 1766 I.
148 1729 183 1772 1,
210 1728 271 1765 20.

137 1791 185 1830 V.
216 1793 277 1829 34.
312 1790 515 1829 Barbarae
547 1794 648 1828 tutas
680 1789 895 1828 exhibuisse
930 1789 1024 1833 rias,
1057 1788 1270 1839 Pompeius
1303 1801 1348 1826 eo
1380 1793 1572 1838 tempore,

87 1870 166 1906 quo
196 1856 364 1895 Ovidius
403 1857 481 1905 (an.
512 1856 548 1893 9.
578 1869 616 1905 p.
648 1855 736 1893 Chr.
764 1856 820 1903 n.)
853 1867 921 1904 per
951 1853 1161 1892 Thraciam
1189 1854 1401 1891 barbaram
1431 1852 1574 1891 Tomos

87 1922 290 1972 profectus
327 1924 399 1960 est.
437 1919 629 1958 exercitui
664 1920 704 1957 in
742 1919 907 1957 Thracia
945 1918 1147 1969 praefuisse
1178 1923 1431 1968 poetamque,
1466 1930 1516 1955 ne
1550 1929 1575 1955 a

86 1986 311 2025 latronibus
328 1989 478 2023 terram
497 1985 606 2022 illan]
625 1984 910 2023 infestantibus
926 1983 1184 2028 occideretm,
1201 1982 1364 2021 militari
1380 1982 1576 2021 comitatu

86 2050 267 2101 saepsisse
295 2050 470 2087 videtur.

138 2115 185 2154 V.
215 2117 276 2153 35.
319 2114 542 2153 Bistonia-711
565 2145 571 2152 .
594 2145 601 2152 .
623 2145 630 2152 .
650 2127 789 2160 ensem,
831 2113 1060 2158 Thracium;
1101 2114 1151 2152 cf.
1191 2113 1242 2151 ad
1283 2112 1399 2151 Trist.
1441 2111 1472 2150 Ι.
1514 2113 1574 2157 10,

87 2181 257 2225 23—24;
285 2179 317 2218 I.
345 2182 380 2226 1,
406 2181 571 2218 43—44.
599 2182 637 2217 et
665 2179 734 2218 IV.
762 2181 796 2225 1,
823 2180 884 2217 21.

139 2245 187 2283 V.
216 2246 278 2283 40.
305 2244 498 2296 mancipi-i
518 2275 525 2282 .
547 2275 554 2282 .
579 2275 586 2282 .
607 2244 677 2290 tui,
697 2244 723 2282 i.
751 2257 784 2283 e.
811 2257 894 2282 ren]
921 2243 1112 2294 mancipii
1138 2243 1211 2289 tui,
1226 2249 1436 2292 tamquam
1461 2245 1576 2280 tuam

89 2310 396 2361 possessionem;
425 2311 475 2348 ef.
502 2309 603 2348 infra
633 2310 683 2348 acl
712 2309 781 2348 IV.
812 2311 872 2354 15,
900 2310 962 2347 42.

139 2375 187 2413 V.
217 2377 279 2413 45.
303 2379 420 2414 servet
441 2388 514 2414 sua
536 2375 649 2420 dona,
672 2374 697 2412 i.
722 2388 754 2413 e.
774 2374 904 2412 vitam
928 2373 1076 2419 Ovidii,
1097 2386 1219 2423 quam
1241 2376 1360 2424 poeta
1382 2372 1416 2410 ei
1440 2371 1575 2416 debet3

89 2440 141 2479 cf.
159 2452 281 2490 supra
297 2453 358 2478 vs.
377 2441 540 2478 31—32.
555 2439 690 2490 Rogat
702 2439 825 2489 igitur
842 2438 1091 2489 Pompeium,
1109 2443 1155 2476 ut
1173 2438 1247 2477 sibi
1265 2437 1390 2476 etiam
1407 2435 1575 2487 post-hac

91 2504 287 2543 auxilium
306 2505 427 2550 ferat;
452 2505 503 2544 cf.
522 2518 642 2555 supra
665 2505 734 2543 IV.
751 2507 785 2550 1,
806 2505 970 2543 25—26.
992 2504 1040 2542 de
1059 2503 1199 2543 eodem
1216 2502 1423 2553 Pompeio:
1440 2501 1576 2540 «Nunc

92 2582 251 2619 quoque
276 2569 332 2607 nil
359 2569 502 2608 subitis
529 2570 741 2608 clementia
773 2569 912 2608 territa
944 2569 1037 2607 fatis
1064 2568 1271 2606 Auxilium
1296 2568 1392 2606 vitae
1418 2568 1576 2616 fertque

92 2635 273 2684 feretque
300 2647 426 2672 meae».

1414 2844 1435 2877 Οἱ

163 2856 342 2891 Ne'methy:
361 2859 408 2885 Ad
431 2858 534 2886 Ovidii
553 2858 723 2891 Epistulas
743 2865 785 2885 ex
803 2858 914 2885 Ponto.
