1990 3271
927 388 1011 427 Mb.
1038 388 1100 426 ΙΙ.
1126 388 1212 439 eley.
1237 387 1274 426 8.

802 489 875 532 Ad
909 488 1095 531 Cottam
1126 486 1400 531 Maximum.

416 603 475 641 Ad
499 602 668 639 eunde—111
691 613 809 650 supra
838 599 868 637 I.
894 602 928 644 5,
953 598 1019 636 ubi
1044 599 1094 636 cf.
1118 598 1211 636 adn.

414 667 460 704 V.
493 669 526 704 1.
561 665 745 703 Redditus
781 668 845 709 est,
883 663 999 701 Cotta
1037 662 1143 701 misit
1182 663 1326 702 Ovidio
1361 662 1572 701 nummum
1608 666 1843 714 argenteum

363 733 429 782 (ef.
454 744 509 769 vs.
533 731 661 778 5—5.)
685 743 775 767 cum
796 727 1033 777 imaginibus
1056 728 1239 777 Augusti,
1262 728 1407 766 Tiberii
1427 732 1467 766 et
1487 728 1623 766 Liviae.
1648 751 1690 755 —
1711 727 1844 767 Goesar

356 810 441 836 evm
467 796 631 839 Caesare,
659 795 862 841 Augustus
888 806 979 830 cum
1006 792 1176 838 Tiberio,
1202 792 1281 831 filio
1307 793 1500 844 adoptivo
1525 806 1609 832 suo.

412 861 455 898 V.
486 863 521 897 4.
549 859 676 902 Liria,
705 871 804 896 uxor
831 857 1013 907 Augusti,
1041 861 1171 896 mater
1197 857 1356 896 Tiberii.

410 925 455 962 V.
486 925 596 962 5—6.
623 924 844 973 Argentum,
866 922 891 959 i.
915 936 948 960 e.
971 935 1160 960 nummus
1182 926 1406 973 argenteus.
1434 945 1475 949 —
1500 922 1679 974 pretium,
1701 921 1842 961 metal-

358 990 440 1029 lum
468 989 700 1038 pretiosum.

410 1054 454 1091 V.
487 1055 545 1092 17.
576 1052 745 1097 Palatia,
781 1052 922 1090 (lomus
956 1052 1127 1102 Augusti
1159 1051 1200 1090 in
1233 1056 1372 1091 monte
1404 1052 1604 1099 Palatino,
1637 1053 1688 1091 cf.
1723 1051 1842 1091 Trist.

360 1118 437 1158 ΠΙ.
466 1120 500 1163 1,
529 1118 691 1156 31—48.

408 1183 454 1221 V.
484 1184 544 1221 20.
572 1182 677 1220 Nam
700 1181 838 1233 patriae
861 1181 1001 1231 faeiem
1024 1182 1186 1221 sustinet
1211 1182 1276 1221 ille
1299 1195 1393 1228 suoe,
1419 1183 1470 1221 cf.
1498 1182 1616 1221 Trist.
1643 1181 1690 1220 V.
1716 1182 1754 1228 2,
1778 1182 1842 1220 49.

359 1248 426 1299 (ad
451 1247 711 1297 Augustum:
733 1260 773 1285 «0
799 1246 938 1297 patriae
963 1260 1031 1297 per
1054 1251 1095 1285 te
1118 1247 1299 1286 florentis
1323 1247 1483 1298 imago».

410 1313 455 1351 V.
485 1314 547 1351 29.
575 1312 648 1350 tori
672 1311 828 1357 sociam,
856 1311 1027 1350 Liviam.

411 1377 455 1415 V.
478 1379 539 1415 31.
560 1381 708 1422 natum,
731 1376 924 1422 Tiberius,
946 1376 1049 1415 filius
1070 1377 1288 1428 adoptivus
1309 1380 1349 1416 et
1370 1377 1482 1416 heres
1505 1376 1688 1427 Augusti.

410 1442 456 1481 V.
486 1443 547 1480 33.
571 1446 735 1493 nepotes,
760 1441 912 1480 Drusus
934 1442 1064 1481 minor
1085 1446 1124 1481 et
1148 1442 1422 1488 Germanicum
1444 1443 1494 1481 ef.
1517 1442 1569 1480 ad
1591 1441 1647 1481 Π.
1670 1443 1706 1488 2,
1728 1442 1792 1481 83.

411 1507 457 1545 V.
487 1508 547 1545 36.
567 1506 700 1558 procul
717 1506 896 1557 Scythico
913 1506 981 1558 qui
998 1507 1048 1546 sit
1066 1507 1112 1545 ab
1130 1508 1244 1554 hoste,
1266 1508 1316 1546 cf.
1336 1507 1387 1546 ad
1408 1506 1440 1546 I.
1462 1509 1497 1554 1,
1517 1508 1579 1547 79.

411 1572 458 1610 V.
488 1574 548 1611 37.
573 1585 594 1609 a
617 1572 766 1611 Caesare
789 1571 961 1623 proxime
981 1572 1124 1618 Caesar,
1151 1572 1343 1618 Tiberius,
1366 1573 1478 1611 heres
1503 1571 1689 1622 Augusti.

410 1637 457 1675 V.
486 1638 547 1675 39.
582 1636 802 1682 Germania,
836 1637 912 1676 hoe
945 1641 1126 1688 tempore
1160 1638 1242 1688 (an.
1278 1639 1337 1676 12.
1373 1651 1411 1688 p.
1447 1637 1537 1676 Chr.
1570 1638 1627 1687 n.)
1664 1635 1845 1675 Tiberius

357 1701 398 1741 in
433 1701 643 1741 Germania
678 1701 824 1740 bellum
855 1702 1034 1752 gerebat,
1068 1706 1113 1741 ut
1146 1703 1300 1742 cladem
1333 1702 1428 1741 Vari
1462 1701 1847 1753 Teutoburgiensem

361 1767 441 1818 (an.
467 1780 504 1817 p.
530 1767 618 1806 Chr.
642 1780 681 1804 n.
706 1768 757 1817 9.)
784 1767 1053 1806 ulcisceretur.

411 1832 457 1869 V.
487 1833 548 1870 41.
575 1831 723 1881 Pylios,
755 1837 799 1870 ut
831 1831 976 1871 Nestor
1006 1832 1156 1883 Pylius.
1192 1855 1234 1860 —-
1264 1832 1443 1872 Gumoeos
1462 1863 1470 1870 .
1491 1863 1498 1870 .
1519 1863 1527 1870 .
1557 1831 1602 1871 ‘in
1632 1844 1769 1878 annos,
1801 1834 1848 1870 ut

357 1896 507 1947 Sibylla
552 1896 722 1942 Cumaea,
769 1897 989 1947 Deiphobe,
1034 1911 1122 1947 quae
1165 1910 1205 1936 se
1248 1897 1651 1949 septingentesimum
1693 1909 1847 1935 annum

359 1974 474 2012 agere
504 1962 645 2000 Aeneae
673 1962 869 2000 narravit.

412 2026 459 2064 V.
488 2028 549 2064 43.
576 2031 713 2077 nupta,
741 2040 794 2065 sc.
823 2026 951 2065 Livia.

412 2091 458 2129 V.
488 2093 650 2130 45—46.
681 2091 751 2138 vir,
783 2093 1000 2142 Augustus.
1035 2115 1077 2119 —
1108 2092 1225 2144 prole,
1257 2092 1450 2131 Tiberius.
1484 2115 1527 2119 —
1557 2095 1723 2143 nepotes,
1754 2090 1847 2131 Ger-

360 2156 539 2195 manicus
560 2160 599 2194 et
620 2156 772 2195 Drusus
792 2157 934 2196 minor.
959 2180 1001 2184 —
1021 2157 1198 2203 nuribus,
1219 2170 1362 2197 uxores
1380 2160 1592 2208 nepotum:
1613 2155 1848 2207 Agrippina,

362 2234 463 2259 uxor
494 2221 715 2260 Germanici
747 2225 786 2260 et
818 2222 946 2268 Livia,
977 2235 1078 2261 uxor
1109 2222 1227 2261 Drusi
1258 2222 1435 2261 minoris.
1470 2244 1513 2250 —
1545 2221 1645 2274 quod
1673 2233 1851 2273 peperere

364 2298 500 2331 nurus,
526 2286 551 2324 i.
579 2300 610 2324 e.
638 2286 749 2324 liberi
774 2291 981 2338 nepotum.

414 2350 461 2388 V.
490 2353 551 2389 47.
577 2352 708 2402 rapuit
733 2352 943 2391 Germania
966 2352 1154 2399 Drusum,
1181 2353 1347 2398 Drusus,
1373 2352 1476 2391 filius
1502 2351 1655 2391 Claudii
1680 2349 1850 2391 Neronis

364 2418 405 2454 et
431 2415 566 2461 Liviae,
595 2416 800 2466 privignus
828 2417 1011 2468 Augusti,
1038 2418 1164 2456 frater
1191 2417 1350 2464 Tiberii,
1378 2417 1446 2467 qui
1472 2429 1493 2456 e
1520 2416 1733 2456 Germania
1757 2415 1850 2455 sub-

364 2483 454 2518 acta
487 2480 641 2519 rediens
672 2494 774 2531 equo
807 2482 992 2532 delapsus
1023 2486 1077 2528 et,
1109 2495 1221 2521 crure
1250 2483 1373 2529 facto,
1405 2481 1517 2521 brevi
1547 2484 1640 2533 post
1670 2485 1852 2532 tempore

366 2547 550 2583 mortuus
575 2549 635 2583 est
661 2559 725 2584 an.
751 2548 786 2585 9.
813 2560 848 2585 a.
876 2547 964 2586 Chr.
989 2561 1029 2586 n.

417 2608 463 2646 V.
493 2611 656 2649 49—50.
671 2610 832 2659 fraterni
843 2612 994 2660 funeris
1006 2612 1118 2659 ultor,
1135 2612 1327 2651 Tiberius.
1345 2635 1388 2640 —
1400 2612 1630 2663 Purpureus
1641 2610 1767 2650 ‘niveis
1784 2641 1793 2649 .
1813 2640 1822 2649 .
1840 2639 1851 2650 .

365 2671 480 2712 instet
507 2674 626 2726 equis,
657 2679 750 2726 toga
782 2676 887 2726 picta
918 2677 1084 2716 indutus
1113 2677 1286 2716 vehatur
1314 2690 1432 2716 curru
1460 2676 1708 2727 triumphali.
1739 2675 1853 2715 Tibe-
