1990 3271
365 251 410 285 38

920 414 1004 453 Mb.
1029 413 1090 452 11.
1117 413 1226 465 epist.
1253 414 1291 453 6.

911 513 984 556 Ad
1016 512 1296 556 Graecinum.

417 629 477 668 Ad
506 628 676 666 eundem
703 639 820 676 supra
851 625 882 663 I.
911 626 962 670 6.,
991 624 1058 662 ubi
1087 625 1137 663 cf.
1165 624 1259 662 adn.

417 694 462 731 V.
497 696 529 731 1.
560 704 728 744 prcesesns
759 704 839 729 roc-e
867 689 1018 735 solebat,
1047 702 1100 727 sc.
1130 693 1171 727 te
1198 689 1385 728 salutare.

415 759 461 796 Y.
506 762 540 795 5.
581 756 757 807 Corripis
779 786 786 793 .
807 785 814 792 .
836 754 969 792 ..stulti
1009 758 1163 805 peccata
1203 753 1360 800 sodalis,
1404 753 1605 793 Graecinus
1646 755 1768 806 igitur
1807 755 1851 795 in

365 823 532 874 epistula
580 822 755 871 quadani
801 819 1030 869 obiurgavit
1077 818 1267 857 Ovidium
1313 822 1476 869 propter
1521 819 1680 870 culpam
1724 820 1850 868 illa-m,

363 901 441 938 qua
466 886 635 936 Augusti
657 886 758 923 iram
778 885 819 922 in
841 897 882 922 se
903 888 1096 922 verterat.
1123 905 1165 911 —
1188 883 1310 929 stulti,
1333 884 1383 922 cf.
1405 884 1457 922 ad
1480 884 1597 923 Trist.
1622 884 1654 923 I.
1676 886 1713 931 2,
1735 886 1797 924 99.

414 952 460 990 V.
490 953 524 989 9.
555 949 763 996 Ceraunia,
793 944 876 1002 ὄρη
910 946 1120 1000 Κεραυυία
1151 948 1234 987 sive
1259 949 1584 999 promunturium
1609 950 1848 990 Acrocerau-

363 1017 474 1055 nium
512 1016 552 1054 in
591 1015 707 1053 litore
746 1014 858 1065 Epiri
897 1014 1006 1064 apud
1047 1013 1222 1059 Oricum,
1262 1013 1527 1064 periculosum
1564 1014 1852 1066 navigantibus

363 1085 527 1132 propt-er
551 1093 661 1118 saxa.

414 1146 459 1184 V.
491 1148 550 1184 14.
576 1149 699 1183 >mento
721 1143 975 1195 supposuisse
998 1156 1172 1189 manum,
1197 1144 1247 1182 cf.
1271 1156 1392 1194 supra
1416 1144 1467 1182 ad
1491 1143 1546 1182 Π.
1571 1145 1607 1190 3,
1632 1145 1694 1183 39.

412 1211 459 1248 V.
489 1210 653 1249 25—26.
681 1209 864 1260 Strophio
891 1213 1000 1260 atque
1029 1209 1313 1260 Ayamemnone
1338 1208 1435 1255 nati,
1465 1208 1636 1259 Pylades
1675 1213 1715 1248 et
1754 1210 1850 1250 Ore-

362 1281 456 1314 stes.
479 1274 689 1325 Strophius
709 1274 828 1319 enim,
854 1287 924 1312 rex
944 1273 1143 1319 Phocidis,
1171 1277 1256 1312 erat
1282 1273 1445 1324 Pyladis
1471 1277 1597 1324 pater.
1621 1297 1664 1301 —
1692 1275 1851 1326 Aeyidoe

358 1339 614 1392 Pirithoique,
637 1340 686 1378 cf.
709 1339 759 1377 ad
782 1338 900 1377 Trist.
925 1339 956 1377 Ι.
979 1342 1014 1384 5,
1038 1340 1098 1377 19.
1123 1361 1165 1366 -
1190 1339 1360 1390 Αθᾳὶᾱεε,
1383 1339 1568 1385 Theseus,
1590 1340 1709 1390 Aegei
1730 1331 1863 1380 filius.-

415 1405 462 1443 V.
499 1406 560 1443 28.
599 1405 648 1443 In
688 1417 849 1456 quorsum
886 1404 1049 1455 plausus
1088 1408 1162 1442 tota
1200 1404 1341 1443 theatra
1379 1408 1532 1450 sonant,
1570 1417 1624 1443 sc.
1664 1405 1850 1455 quotiens

364 1469 458 1509 talia
489 1469 676 1508 amicitiae
704 1469 885 1520 exempla
914 1472 1089 1519 aguntur
1115 1468 1154 1506 in
1182 1482 1316 1515 sc·ena;
1345 1470 1394 1508 cf.
1425 1469 1502 1508 Cic.
1531 1469 1591 1508 De
1617 1468 1685 1508 fin.
1705 1469 1753 1509 V.
1782 1471 1847 1509 63:

361 1535 452 1583 «Qui
488 1535 678 1573 clamores
710 1534 820 1583 vulgi
864 1538 987 1583 atque
1021 1533 1300 1585 imperitorum
1332 1534 1562 1573 excitantur
1591 1535 1633 1573 in
1665 1534 1848 1582 theatris,

363 1613 454 1638 eum
478 1599 543 1638 illa
571 1600 773 1638 dicuntur:
799 1599 885 1650 Ego
909 1612 997 1637 suni
1023 1599 1209 1638 Orestes».

414 1665 460 1702 V.
491 1666 551 1703 32.
586 1664 674 1702 Non
709 1669 788 1704 erat
807 1695 815 1702 .
836 1695 844 1702 .
865 1695 873 1702 .
903 1664 1029 1716 qratia
1061 1664 1192 1710 surda,
1225 1676 1354 1714 neque
1387 1668 1518 1710 muta3
1551 1664 1576 1703 i.
1611 1678 1644 1703 e.
1677 1665 1847 1704 referam

362 1729 434 1768 tibi
462 1729 633 1779 gratiani
660 1729 902 1768 carminibus
927 1729 1175 1768 laudatoriis.

413 1795 459 1832 V.
489 1796 551 1832 35.
578 1795 693 1839 lasso,
719 1794 889 1840 afflicto;
915 1795 965 1833 ef.
991 1795 1041 1832 ad
1068 1794 1200 1840 Trist.,
1227 1793 1259 1832 Ι.
1285 1797 1320 1840 5,
1346 1795 1408 1833 35.

412 1859 458 1898 V.
473 1861 637 1899 37—38.
661 1873 758 1900 remo
771 1864 897 1899 tumen
910 1864 996 1898 utor
1012 1859 1053 1898 in
1067 1873 1178 1905 aura,
1195 1860 1243 1898 de
1258 1859 1394 1898 labore
1409 1872 1657 1909 supervacuo
1674 1860 1845 1907 dictum;

360 1929 494 1962 nautae
523 1924 628 1962 enim
658 1925 697 1962 in
727 1938 823 1962 aura
853 1924 950 1963 velis
979 1928 1142 1963 tantum
1170 1928 1354 1970 utuntur,
1383 1925 1501 1963 remis
1530 1937 1630 1975 opus
1657 1938 1738 1964 non
1767 1929 1846 1972 est:

361 1990 411 2028 ef.
435 1989 551 2027 Trist.
574 1989 620 2027 V.
646 1992 704 2035 14,
726 1993 791 2027 44:
811 1989 928 2028 «Vela
951 1990 1106 2035 damus,
1129 1989 1315 2039 quamvis
1347 1989 1494 2039 remige
1515 1990 1661 2041 puppis
1682 1993 1775 2029 eat».
1801 2013 1846 2018 —

360 2054 542 2099 admisso,
569 2055 751 2093 admissis
776 2055 942 2093 habenis
968 2054 1148 2093 celeriter
1173 2054 1361 2093 currenti.

915 2231 1001 2271 Isth.
1026 2231 1088 2271 11.
1114 2231 1224 2284 epist.
1253 2232 1289 2271 7.

934 2331 1007 2374 Ad
1038 2331 1264 2375 Atticum.

413 2442 473 2480 Ad
501 2442 669 2480 eundem
693 2456 811 2492 supra
837 2443 891 2481 II.
916 2446 966 2489 4.,
991 2442 1059 2481 ubi
1083 2443 1132 2481 ef.
1157 2442 1250 2481 adn.

411 2506 457 2544 V.
486 2508 521 2544 2.
546 2507 642 2545 ‘mule
664 2507 824 2558 pacatis,
848 2508 1055 2553 bellicosis,
1079 2507 1333 2546 turbulentis.
1360 2530 1402 2534 —
1427 2507 1544 2553 Getis,
1569 2508 1619 2546 cf.
1643 2507 1694 2546 ad
1717 2507 1845 2546 Trist.

360 2570 437 2609 III.
465 2572 500 2615 3,
529 2573 564 2609 6.

410 2635 457 2673 Y.
487 2637 547 2674 20.
576 2636 768 2687 Verbaque
793 2636 1002 2676 Fortunae.
1025 2669 1032 2676 .
1055 2669 1061 2676 .
1086 2638 1185 2684 clari,
1209 2639 1259 2677 cf.
1284 2638 1334 2676 ad
1360 2637 1414 2676 Π.
1440 2639 1476 2684 1,
1501 2638 1536 2676 6.

409 2700 456 2737 Υ.
486 2702 546 2739 24.
572 2701 727 2752 planus,
754 2695 909 2751 planus,
935 2703 960 2741 i.
987 2716 1019 2741 e.
1045 2703 1181 2741 fallax.
