1990 3271
1539 299 1584 333 39

153 419 200 458 V.
229 419 392 456 25—26.
420 418 627 469 Cinyphiae
647 449 653 456 .
675 449 682 456 .
705 449 712 456 .
740 419 884 468 seyetis,
912 418 1054 468 segetis
1083 419 1237 464 Africae,
1267 433 1354 469 qnae
1382 423 1467 457 erat
1495 434 1583 471 pro-

100 483 233 523 vincia
273 482 547 520 Ronmnoruiu
589 483 844 521 fertilissima.
891 506 932 509 —
973 483 1192 534 Cinyphiae,
1236 484 1393 529 Africam
1435 484 1582 536 Cinyps

100 549 206 586 enim
230 550 289 585 est
315 547 463 585 fluvius
488 548 624 597 Libyae
648 548 752 586 inter
776 548 874 585 duas
896 548 1045 597 Syrtes.
1076 570 1117 574 —
1143 549 1285 599 Hybla,
1311 550 1360 587 ef.
1385 549 1436 587 ad
1462 549 1580 589 Trist.

100 613 146 652 V.
170 614 206 658 6,
229 614 394 651 37-38.
422 635 463 639 -—
489 612 642 661 thymis,
666 614 715 651 ef.
739 613 789 650 ad
813 611 930 650 Tri-st.
956 612 1001 650 V.
1027 614 1086 658 13,
1110 614 1170 650 22.

151 678 197 716 V.
227 679 288 715 34.
310 677 409 715 Ilias
428 682 479 715 est
498 677 570 726 sati
590 677 697 727 1071961
722 677 853 726 sutura
872 676 960 722 ‘'nei,
980 677 1005 714 i.
1026 690 1059 715 e.
1078 677 1333 716 scribendum
1353 678 1403 716 sit·
1423 692 1581 718 carmen

98 743 147 781 de
171 742 265 780 fat-is
290 742 388 780 meis
414 746 497 779 tani
524 741 698 790 longum,
726 755 848 791 quani
875 741 967 779 Ilias
993 742 1171 781 Homeri.

149 808 195 846 V.
225 809 286 845 44.
312 806 462 857 Appia,
484 820 536 844 sc.
561 806 644 852 via,
667 808 716 845 ef.
742 807 792 844 ad
817 806 848 845 Ι.
871 808 907 852 8,
930 808 991 844 68.

148 872 194 911 V.
224 874 285 910 45.
309 876 460 917 caecata,
485 872 728 921 stupefacta.

146 936 193 975 V.
223 938 285 974 48.
318 936 419 987 perii
449 936 599 974 dotibus
629 936 713 987 ipse
743 936 851 982 meis,
883 949 937 975 se.
970 936 1151 987 poeticis;
1183 937 1325 976 alludit
1357 937 1407 976 ad
1439 938 1579 978 Artem

94 1001 357 1046 Amatoriam,
397 1014 555 1040 carmen
603 1001 955 1051 elegantissimum,
995 1015 1075 1051 qua
1114 1003 1284 1051 Augusti
1322 1003 1423 1041 iram
1460 1003 1500 1042 in
1539 1016 1580 1043 se

93 1066 232 1111 vertit;
254 1067 304 1104 cf.
327 1066 445 1104 Trist.
469 1066 523 1104 Π.
545 1068 583 1104 2;
602 1066 784 1115 «Ingenio
806 1066 907 1117 perii
929 1066 996 1116 qui
1018 1066 1136 1105 miser
1155 1067 1240 1117 ipse
1261 1080 1376 1106 meo».

144 1131 191 1169 V.
223 1133 282 1169 51.
310 1144 481 1176 suormn,
509 1135 771 1181 cognatorum
797 1136 836 1169 et
863 1131 1096 1169 amicorum.

143 1195 191 1234 V.
221 1198 282 1234 54.
320 1195 454 1234 Obruit
490 1196 556 1234 hoc
592 1196 727 1234 absens
761 1200 867 1234 vasta
903 1196 1067 1247 procella
1102 1201 1229 1248 caput,
1267 1197 1434 1236 Ovidius
1471 1198 1576 1237 enim

89 1260 130 1298 in
166 1261 296 1299 insula
333 1261 429 1299 Ilvae
464 1261 698 1299 morabatur
743 1274 789 1299 eo
825 1264 1017 1311 tempore,
1054 1274 1132 1310 quo
1168 1261 1283 1312 culpa
1319 1262 1402 1300 eius
1436 1262 1577 1302 Romae

90 1325 286 1371 innotuit;
315 1327 364 1364 ef.
393 1326 443 1363 ad
473 1325 527 1363 II.
556 1327 591 1371 3,
620 1326 680 1364 84.

144 1390 191 1429 V.
223 1393 284 1429 55.
312 1390 459 1429 Addita
483 1395 573 1429 sunt
596 1390 722 1441 poems
746 1404 883 1441 aspera
902 1391 1011 1429 verba
1030 1391 1139 1437 meis,
1159 1391 1301 1430 alludit-
1326 1392 1377 1430 ad
1401 1392 1578 1432 edietum

92 1455 280 1506 principis
327 1455 622 1505 relegatorimm
663 1458 713 1495 ef.
756 1455 874 1494 Trist.
916 1456 971 1494 II.
1014 1458 1102 1494 133:
1140 1456 1354 1495 «Tristibus
1393 1457 1576 1497 invectus

91 1520 224 1559 verbis
250 1543 292 1547 —
316 1520 374 1558 ita
397 1519 574 1571 principe
598 1520 765 1570 dignum
792 1543 833 1547 —
859 1521 977 1560 Ultus
1001 1534 1040 1559 es
1063 1522 1251 1567 offensas,
1276 1526 1320 1560 ut
1344 1522 1470 1568 decet,
1493 1522 1577 1573 ipse

91 1588 183 1623 tuas
203 1616 210 1623 .
232 1616 239 1623 .
261 1616 268 1623 .
295 1585 471 1624 edictum
491 1616 498 1623 .
519 1615 528 1624 .
548 1616 555 1623 .
580 1585 736 1624 immite
761 1586 1007 1635 minaxque».

142 1649 189 1688 V.
220 1652 382 1690 57—58.
414 1650 604 1701 proiectus
633 1650 678 1689 in
707 1663 845 1702 aequor,
876 1664 929 1689 sc.
961 1664 1052 1690 eum
1082 1651 1280 1701 relegatus
1309 1665 1456 1690 navem
1486 1666 1576 1692 con-

91 1715 277 1753 scendere
300 1718 461 1753 coactus
492 1718 590 1753 erat.
619 1738 659 1742 —
688 1716 898 1754 Arcturum
918 1716 1035 1762 subii,
1059 1717 1109 1754 cf.
1134 1717 1184 1754 ad
1208 1716 1326 1755 Trist.
1352 1716 1383 1755 I.
1407 1719 1443 1763 4,
1469 1719 1503 1755 1.
1531 1740 1574 1745 —

88 1779 365 1830 Pleiaclmnque
399 1780 540 1825 minas,
578 1793 668 1817 eum
703 1780 882 1818 Pleiades
916 1781 1103 1819 occidunt
1140 1782 1289 1831 (mense
1324 1781 1572 1832 Novembri),

91 1843 287 1894 incipiunt
317 1848 578 1894 tempestates
606 1845 799 1890 hibernae3
829 1846 878 1883 cf.
909 1845 1010 1883 Plin.
1041 1845 1090 1884 N.
1120 1846 1172 1883 H.
1203 1846 1360 1884 XVIII.
1391 1847 1452 1892 69,
1482 1848 1572 1886 286:

87 1908 285 1958 «Vergiliae
309 1909 348 1959 (i.
372 1922 404 1947 e.
428 1909 624 1958 Pleiades)
648 1940 654 1947 .
676 1940 683 1947 .
705 1941 712 1947 .
736 1923 906 1959 quarum
928 1916 1070 1949 exortu
1093 1915 1207 1949 aestas
1228 1911 1407 1961 incipiat,
1430 1925 1573 1951 occasu

88 1973 243 2012 hiems».
273 1996 314 2000 —
337 1974 628 2026 Pleiadumque,
654 1976 703 2013 cf.
728 1975 778 2012 ad
804 1975 835 2013 I.
861 1978 896 2020 5,
921 1977 982 2013 82.

140 2038 187 2076 V.
217 2040 379 2077 59—60.
409 2039 580 2084 hiemem,
611 2039 778 2077 Ovidius
806 2039 1002 2089 relegatus
1030 2041 1070 2078 in
1099 2040 1199 2078 mari
1228 2040 1431 2079 Adriatico
1458 2041 1571 2079 navi-

88 2103 201 2152 gavit
230 2116 364 2141 mense
395 2103 620 2149 Decembri;
651 2106 701 2142 cf.
733 2104 850 2143 Trist.
883 2105 914 2143 I.
947 2107 1006 2151 11,
1037 2107 1149 2144 3—4.
1184 2128 1225 2132 ——
1257 2105 1400 2144 Ithacae
1428 2106 1569 2158 puppi,

87 2167 184 2206 navi
208 2167 350 2213 Ulixis,
375 2168 475 2218 regis
503 2168 664 2207 Ithacae.

139 2232 186 2271 V.
217 2233 278 2271 62.
299 2232 433 2271 Ditata
455 2238 507 2272 est
527 2233 665 2285 spoliis
686 2234 830 2285 perfida
852 2234 961 2272 turba
980 2235 1088 2281 meis,
1110 2236 1160 2274 cf.
1182 2235 1232 2273 ad
1255 2235 1372 2274 Trist.
1395 2235 1427 2274 Ι.
1450 2239 1485 2282 5,
1507 2237 1567 2274 64.

138 2297 185 2336 V.
215 2298 275 2335 64.
302 2298 371 2336 sub
397 2298 604 2337 ambobus.
626 2330 633 2336 .
655 2329 661 2336 .
689 2299 802 2350 polis,
829 2312 882 2338 sc.
911 2299 1006 2338 eaeli.

138 2361 185 2400 V.
216 2363 379 2401 67-68.
406 2367 472 2401 tua
499 2364 643 2409 laurea,
671 2368 751 2402 tuae
778 2364 970 2403 vietoriae.
1002 2387 1045 2392 —
1073 2365 1239 2415 finitimo
1381 2365 1428 2405 ab
1453 2365 1566 2411 hoste,

86 2427 136 2465 cf.
163 2440 283 2477 supra
309 2428 359 2465 ad
387 2428 418 2465 I.
446 2429 482 2474 3,
510 2429 672 2467 59—60.

138 2490 186 2529 V.
216 2493 277 2531 70.
298 2491 390 2531 Non
408 2493 556 2544 patitur
574 2493 666 2532 verti
685 2493 870 2532 barbarus
889 2493 1007 2533 hostis
1026 2495 1198 2541 humum,
1220 2496 1270 2534 cf.
1292 2495 1324 2533 I.
1345 2496 1381 2541 8,
1401 2496 1565 2534 49—62.

136 2555 184 2594 V.
214 2558 274 2595 72.
300 2556 526 2604 Sarmatico,
551 2559 601 2596 cf.
626 2559 676 2596 ad
703 2558 820 2597 Trist.
847 2559 878 2597 I.
904 2561 940 2605 2,
965 2561 1027 2598 82.

136 2620 184 2659 V.
213 2623 274 2660 74.
311 2621 506 2673 Aequoreo
551 2622 691 2661 bibitur
723 2636 811 2662 cum
843 2624 921 2662 sale
955 2624 1076 2663 mioeta
1110 2625 1237 2676 palus,
1273 2625 1323 2664 cf.
1359 2625 1409 2663 ad
1445 2624 1563 2663 Trist.

85 2684 163 2723 ΠΙ.
188 2687 224 2731 3,
249 2687 284 2725 7.
