1990 3271
1589 302 1634 336 75

151 432 398 474 Monacensis
423 432 493 470 lat.
520 432 657 470 19746.
682 430 738 470 Ut
764 428 1010 479 comparatio
1035 441 1124 466 cuni
1151 427 1323 478 Cyclope
1347 428 1476 473 docet,
1501 426 1635 477 agitur

151 499 225 538 hoc
248 499 333 537 loco
357 498 405 536 de
428 497 575 548 populo
599 495 777 545 quodam
796 493 970 544 Scythiae
993 492 1342 543 anthropophago;
1366 493 1415 530 cf.
1439 492 1490 530 ad
1513 491 1634 530 Trist.

153 564 223 604 IV.
247 566 284 610 4,
309 563 473 601 61-62.

202 627 251 667 V.
279 629 443 667 25-26.
468 626 612 677 Scylla,
637 625 690 664 cf.
715 624 765 663 ad
791 623 869 662 III.
895 625 930 669 1,
957 624 1042 661 122.
1070 644 1113 649 —
1143 621 1294 660 Trunca
1313 652 1320 659 .
1341 652 1348 659 .
1369 652 1376 659 .
1395 621 1441 659 ab
1464 621 1637 672 immine,

152 694 246 744 quia
259 692 390 744 Scylla
407 691 549 730 habuit
567 703 609 729 os
635 693 855 741 pectusque
870 688 1049 738 virginis,
1067 687 1134 725 sed
1152 700 1294 737 corpus
1311 686 1393 724 eius
1409 686 1448 724 in
1466 686 1637 725 caudam

152 759 277 797 beluae
307 757 469 796 marinae
499 755 611 795 exiit.
645 777 687 782 —
717 753 928 793 Heniochoe
947 784 954 791 .
976 784 983 790 .
1005 784 1012 790 .
1032 757 1141 797 rates,
1171 751 1470 790 Heniochorum
1498 762 1638 796 naves;

151 822 348 862 Heniochi
370 825 485 860 erant
507 820 678 871 populus
699 819 738 857 in
761 819 877 858 litore
898 818 1080 857 orientali
1104 817 1222 856 Ponti
1244 816 1406 862 Euxini,
1429 815 1639 867 piraticam

153 900 354 927 exercens.

203 953 252 992 V.
282 953 446 992 27—28.
485 950 654 995 Achoeis,
691 949 837 995 Achaei,
875 948 1044 999 populus
1080 947 1296 986 Heniochis
1332 946 1501 991 vicinus,
1537 944 1639 996 pira-

152 1017 278 1056 ticam
301 1029 504 1061 exercens;
528 1017 578 1055 cf.
602 1015 702 1054 Vell.
727 1014 817 1053 Pat.
844 1014 876 1052 Ι.
899 1016 964 1053 4Ο;
986 1014 1054 1051 «ad
1077 1026 1142 1051 eas
1165 1012 1362 1057 nationes,
1387 1024 1475 1061 quae
1498 1010 1640 1049 dextra

152 1087 276 1132 atque
294 1082 439 1120 intima
459 1081 578 1119 Ponti
597 1080 791 1125 incolunt,
812 1079 975 1119 Colchos
995 1078 1303 1127 Heniochosque
1322 1082 1360 1115 et
1380 1076 1572 1115 Achaeos).
1594 1096 1638 1102 —

156 1145 231 1186 Ter·
261 1147 344 1186 licet
373 1151 526 1198 epotum
555 1151 609 1184 ter
636 1149 760 1184 vomat
790 1145 858 1186 illa
889 1144 1042 1192 fretum,
1074 1144 1122 1181 de
1152 1142 1307 1192 gurgite
1339 1140 1559 1191 Charybdis
1590 1140 1641 1178 cf.

152 1213 271 1263 Verg.
305 1213 404 1250 Aen.
439 1211 515 1250 ΠΙ.
549 1212 639 1250 421:
662 1210 759 1249 «imo
784 1209 965 1248 barathri
990 1212 1050 1247 ter
1074 1208 1229 1258 gurgite
1260 1211 1396 1245 vastos
1427 1206 1568 1246 Sorbet
1598 1205 1640 1243 in

153 1278 375 1328 abruptum
399 1277 548 1315 fluctus
573 1287 788 1325 rursusque
812 1275 886 1313 sub
911 1286 1028 1312 auras
1052 1273 1179 1323 Erigit
1207 1272 1408 1310 alternos».

204 1342 252 1381 V.
282 1343 344 1380 29.
375 1341 505 1380 dextra
534 1341 697 1392 reyione,
722 1340 763 1378 in
794 1339 912 1378 litore
943 1338 1126 1378 orientali
1157 1337 1277 1376 Ponti
1309 1336 1475 1382 Euxini3
1506 1336 1557 1375 cf.
1589 1334 1640 1373 ad

152 1407 272 1446 Trist.
301 1406 333 1445 Ι.
362 1408 400 1452 2,
428 1407 489 1444 83.

203 1471 252 1510 V.
283 1473 345 1510 31.
371 1471 453 1522 ayri
476 1470 689 1520 infrendes,
715 1470 766 1508 cf.
793 1469 843 1507 ad
871 1469 902 1507 Ι.
929 1471 965 1514 2,
991 1470 1053 1507 25.
1083 1490 1125 1495 -
1153 1467 1303 1519 spicula
1330 1467 1447 1505 tincta
1472 1465 1639 1511 venenis,

153 1537 205 1576 cf.
229 1537 280 1575 ad
304 1536 422 1574 Trist.
446 1535 524 1574 ΠΙ.
548 1537 609 1581 10,
633 1536 696 1573 64.
720 1538 758 1573 et
781 1534 829 1572 V.
852 1536 888 1579 7,
912 1535 972 1572 16.

203 1601 252 1640 V.
282 1602 344 1640 38.
395 1600 681 1640 Sarmaticum.
702 1631 710 1638 .
731 1612 859 1638 ,τηαν-ε
909 1598 1063 1638 Pontus
1113 1598 1310 1643 Euxinus,
1361 1596 1472 1635 cuius
1521 1595 1640 1634 litora.

153 1666 483 1717 septentrionalia
507 1665 736 1705 incolebant
758 1665 965 1705 Sarmatae.

204 1731 252 1770 V.
282 1732 447 1770 39—40.
479 1730 647 1782 plaustri
677 1729 884 1781 praebentia
916 1728 1081 1778 sormam
1101 1759 1108 1766 .
1129 1759 1137 1766 .
1157 1759 1165 1766 .
1183 1727 1334 1773 Sidera,
1367 1726 1469 1766 Ursa
1500 1725 1640 1771 Maior,

155 1808 243 1846 quae
284 1795 406 1834 etiam
457 1796 682 1846 plaustrum
732 1799 914 1840 vocatur,
954 1793 996 1831 in
1037 1796 1152 1844 parte
1203 1790 1505 1842 septentrionali
1557 1789 1640 1830 caeli

153 1861 322 1911 fulgens.
349 1883 391 1888 -—
415 1874 512 1912 quae
530 1891 538 1898 .
559 1891 566 1898 .
587 1890 595 1898 .
611 1860 736 1899 sidera
759 1859 882 1911 frigus
903 1858 1051 1904 habent,
1075 1862 1205 1897 cetera
1227 1857 1355 1896 sidera
1379 1856 1461 1895 eaeli
1483 1859 1640 1906 septen-

156 1925 352 1965 trionalis.

206 1990 254 2029 V.
283 1992 345 2029 42.
372 2003 396 2028 a
420 1990 611 2042 propiore,
636 2003 690 2028 sc.
716 1994 852 2029 vento.

205 2055 254 2094 V.
283 2057 448 2094 43—44.
474 2056 629 2095 adverso
649 2086 656 2093 .
676 2085 685 2093 .
705 2085 713 2093 .
731 2054 777 2093 ab
802 2067 884 2100 aoee,
910 2067 933 2093 a
959 2053 1049 2105 polo
1069 2051 1319 2092 meridionali
1345 2051 1440 2090 caeli.
1459 2073 1502 2078 —
1529 2062 1642 2089 rarus

156 2120 446 2172 Zanquidiorque
470 2120 585 2165 venit,
612 2120 662 2159 cf.
689 2120 739 2158 ad
767 2119 821 2158 II.
850 2121 885 2166 1,
911 2120 947 2158 2.

206 2185 255 2224 V.
282 2187 448 2224 45—46.
492 2185 622 2224 clauso
642 2216 649 2223 .
670 2216 677 2223 .
699 2185 859 2231 .P0nt0,
905 2184 997 2234 quia
1041 2183 1195 2223 Pontus
1238 2182 1422 2221 Euxinus
1465 2180 1642 2230 undique

156 2249 314 2289 clausus
355 2254 414 2289 est
453 2253 599 2301 praeter
639 2254 857 2300 angustum
901 2262 944 2288 os
988 2248 1157 2299 Bospori
1196 2247 1364 2286 Thracii.
1407 2268 1451 2273 —
1489 2245 1641 2295 fretum,

155 2327 277 2354 mare.

206 2379 256 2419 V.
283 2381 449 2420 47—48.
490 2379 632 2431 Lycus,
673 2379 822 2418 fluvius
864 2378 1160 2429 Paphlagoniae,
1203 2376 1271 2427 qui
1313 2376 1365 2414 ad
1405 2374 1643 2414 Heracleam

154 2445 197 2483 in
227 2444 406 2484 Pontum
433 2445 583 2491 influit,
613 2457 722 2484 nunc
755 2444 789 2483 T
788 2443 899 2483 urak.
934 2466 977 2471 —-
1009 2443 1181 2494 Sayam's,
1211 2441 1361 2481 fluvius
1390 2439 1573 2491 Phrygiae
1602 2441 1643 2476 et

157 2509 374 2561 Bithyniae,
403 2510 472 2560 qui
499 2510 542 2548 in
570 2509 859 2561 Propontidem
884 2508 1035 2555 influit,
1062 2521 1169 2547 nunc
1197 2507 1378 2557 Sakarja.
1410 2528 1454 2532 —
1479 2503 1642 2548 Penius,

155 2574 306 2614 fluvius
343 2574 556 2622 Colchidis,
590 2575 632 2613 in
668 2575 784 2614 litore
819 2574 1005 2613 orientali
1041 2573 1174 2612 Ponti.
1215 2595 1258 2599 —
1295 2570 1565 2622 Hypanisque,
1599 2567 1641 2605 in

155 2639 356 2680 Sarmatia
381 2639 593 2691 Europaea,
619 2653 727 2679 nunc
754 2640 854 2691 Buy.
884 2661 927 2667 ——
954 2639 1149 2690 Calesque,
1175 2636 1325 2676 fluvius
1352 2633 1567 2685 Bithyniae.
1596 2654 1641 2660 --

155 2704 298 2756 Halys,
322 2704 365 2743 in
391 2704 679 2756 Paphlagonia,
705 2718 813 2745 nunc
836 2704 1115 2745 Kisil-Irmak.

207 2768 257 2809 V.
285 2770 450 2809 49—50.
462 2769 711 2817 Parthenius,
728 2769 879 2809 fluvius
893 2769 935 2807 in
951 2767 1225 2820 Paphlagonia
1243 2765 1293 2805 ad
1309 2765 1449 2804 urbem
1465 2761 1642 2802 Amastri
